=LDR  01474 as a2200469 a 4500
=001  013561059
=003  Uk
=005  20201103140459.0
=006  m\\\\\\\\d\|\\\\\\
=007  cr||||||||||||
=008  060925d200u201uenkuu\p\\\\\\\0\\\a0eng\\
=FMT  \\$a  SE
=015  \\$aGBA703573$2bnb
=040  \\$aUk$beng$cUk$dUk
=042  \\$aukblsr
=082  04$a387.705$222
=245  00$aV1ewpoint$h[electronic resource] :$btour de force.
=246  1\$iTitle bar title:$aVP
=246  13$aViewpoint
=260  \\$aLondon :$bAscend
=336  \\$atext$2rdacontent
=337  \\$acomputer$2rdamedia
=338  \\$aonline resource$2rdacarrier
=538  \\$aMode of access: email.
=538  \\$aSystem requirements: Adobe Acrobat Reader.
=516  \\$aIn PDF format.
=500  \\$aTitle from caption.
=500  \\$aDescription based on: Issue 18 (July 2006)
=650  \0$aAeronautics, Commercial$vPeriodicals.
=650  \0$aAirlines$vPeriodicals.
=710  2\$aAscend (Firm)
=859  \\$aELD$bejournal
=852  41$aBritish Library$bSTI$jELD Digital store$3Issue 53(2016)-Issue 59(2018)
=CAT  \\$a7750$b40$c20060925$lBLL01$h1205
=CAT  \\$a7750$b40$c20060925$lBLL01$h1207
=CAT  \\$a3072$b40$c20070112$lBLL01$h1618
=CAT  \\$a10983$b40$c20170803$lBLL01$h1157
=CAT  \\$aW1711-1005$c20171205$lBLL01$h2211
=CAT  \\$a8124$b40$c20201103$lBLL01$h1404
=FIN  \\$aY$d20070112
=TCO  \\$aCLA$bCLA$c008
=LAS  \\$a8124$b40$c20201103$lBLL01$h1404

