=LDR  01044cas a22003378i 4500
=001  020008480
=003  Uk
=005  20230207155640.0
=006  m\\\\\\\\d\|\\\\\\
=007  cr||||||||||||
=008  201111c20239999enkfr\p\o\\\\\0\\\a0eng\\
=FMT  \\$a  SE
=022  0\$a2635-1331$202
=037  \\$aISSN_26351331_226$bPortico$nWhite Horse Press
=040  \\$aUk$beng$cUk$erda
=222  \0$aClimates and cultures in history
=245  00$aClimates and cultures in history.
=263  \\$a202309
=264  \1$aHuntingdon :$bThe White Horse Press
=310  \\$aSemiannual
=336  \\$atext$2rdacontent
=337  \\$acomputer$2rdamedia
=338  \\$aonline resource$2rdacarrier
=859  \\$aELD$bejournal
=852  41$aBritish Library$bHMNTS$jELD Digital store
=CAT  \\$a10973$b40$c20201111$lBLL01$h1325
=CAT  \\$a10973$b40$c20201111$lBLL01$h1326
=CAT  \\$a10983$b40$c20220816$lBLL01$h1003
=CAT  \\$a5466D$b40$c20230207$lBLL01$h1550
=CAT  \\$a5466D$b40$c20230207$lBLL01$h1556
=LAS  \\$a5466D$b40$c20230207$lBLL01$h1556

