=LDR  00817cas a22002775i 4500
=001  020015101
=003  Uk
=005  20221020143347.0
=006  m\\\\\|\\d\|\\\\\\
=007  cr\|||||||||||
=008  201118c\\\\9999\\\\\\p\o\\\\\0\\\a0eng\\
=FMT  \\$a  SE
=022  \\$a2212-6848
=037  \\$aISSN_2212683X$bPortico$nElsevier
=245  00$aBiologically inspired cognitive architectures
=264  \1$bElsevier
=336  \\$atext$2rdacontent
=337  \\$acomputer$2rdamedia
=338  \\$aonline resource$2rdacarrier
=859  \\$aELD$bejournal
=852  41$34$aBritish Library$bHMNTS$jELD Digital store
=985  \\$aELD accessioning record awaiting upgrade
=CAT  \\$a11450$b40$c20201118$lBLL01$h1325
=CAT  \\$a6811$b40$c20221020$lBLL01$h1433
=MNI  \\$a2212-683X
=LAS  \\$a6811$b40$c20221020$lBLL01$h1433

