=LDR  00891cas a22003135i 4500
=001  020022306
=003  Uk
=005  20230827133907.0
=006  m\\\\\|\\d\|\\\\\\
=007  cr\|||||||||||
=008  201127c\\\\9999\\\\\\p\o\\\\\0\\\a0eng\\
=FMT  \\$a  SE
=022  \\$a2520-1778
=037  \\$a???$bSpringer
=082  04$a330$223
=245  00$aIndian Economic Review
=264  \1$bSpringer
=336  \\$atext$2rdacontent
=337  \\$acomputer$2rdamedia
=338  \\$aonline resource$2rdacarrier
=859  \\$aELD$bejournal
=852  41$aBritish Library$bHMNTS$jELD Digital store$3Volume 52:Issue 1(2017)-
=985  \\$aELD accessioning record awaiting upgrade
=CAT  \\$a15190$b40$c20201127$lBLL01$h0941
=CAT  \\$a5410$b40$c20230827$lBLL01$h1336
=CAT  \\$a5410$b40$c20230827$lBLL01$h1339
=MNI  \\$a0019-4670
=TOC  \\$aETOC
=LAS  \\$a5410$b40$c20230827$lBLL01$h1339

