=LDR  00874cas a22002895i 4500
=001  020023660
=003  Uk
=005  20201130145015.0
=006  m\\\\\|\\d\|\\\\\\
=007  cr\|||||||||||
=008  201130c\\\\9999\\\\\\p\o\\\\\0\\\a0eng\\
=FMT  \\$a  SE
=022  \\$a2008-2304
=037  \\$a???$bSpringer
=245  00$aInternational journal of environmental research
=264  \1$bSpringer
=336  \\$atext$2rdacontent
=337  \\$acomputer$2rdamedia
=338  \\$aonline resource$2rdacarrier
=859  \\$aELD$bejournal
=852  41$aBritish Library$bHMNTS$jELD Digital store$3Volume 12:Issue 1(2018)-
=985  \\$aELD accessioning record awaiting upgrade
=CAT  \\$a15190$b40$c20201130$lBLL01$h1440
=CAT  \\$a15190$b40$c20201130$lBLL01$h1441
=CAT  \\$a15190$b40$c20201130$lBLL01$h1450
=MNI  \\$a1735-6865
=LAS  \\$a15190$b40$c20201130$lBLL01$h1450

