=LDR  00985cas a22003378i 4500
=001  020044825
=003  Uk
=005  20221114141811.0
=006  m\\\\\\\\d\|\\\\\\
=007  cr||||||||||||
=008  201217c20219999enkqr\p\o\\\\\0\\\a0eng\\
=FMT  \\$a  SE
=022  0\$a2752-3551$202
=037  \\$a???$bSAGE
=040  \\$aUk$beng$cUk$erda
=222  \0$aEmerging media$b(Online)
=245  00$aEmerging media.
=263  \\$a202101
=264  \1$aLondon :$bSAGE Publishing
=310  \\$aQuarterly
=336  \\$atext$2rdacontent
=337  \\$acomputer$2rdamedia
=338  \\$aonline resource$2rdacarrier
=776  08$iAlso issued in print as:$tEmerging media$x2752-3543
=859  \\$aELD$bejournal
=852  41$aBritish Library$bHMNTS$jELD Digital store
=CAT  \\$a10973$b40$c20201217$lBLL01$h1627
=CAT  \\$a14586$b40$c20221114$lBLL01$h1417
=CAT  \\$a14586$b40$c20221114$lBLL01$h1418
=LET  \0$aEmerging media (Electronic)
=LAS  \\$a14586$b40$c20221114$lBLL01$h1418

