=LDR  02714cas a2200505 i 4500
=001  020060725
=003  Uk
=005  20230418125355.0
=006  m\\\\\|\\d\|\\\\\\
=007  cr\|||||||||||
=008  210112d20202022enk\x\\\o\s\\o0\\\a0eng\\
=FMT  \\$a  SE
=015  \\$aGBC374477$2bnb
=040  \\$aUk$beng$cUk$dUk$erda
=042  \\$aukblsr
=082  04$a616.24144$223
=245  00$aUpdating ethnic contrasts in deaths involving the coronavirus (COVID-19), England :$bdeaths occurring ...
=246  1\$iFirst issue entitled:$aUpdating ethnic contrasts in deaths involving the coronavirus (COVID-19), England and Wales :$bdeaths occurring
=264  \1$a[Newport] :$bOffice for National Statistics,$c2020-2022.
=336  \\$atext$2rdacontent
=337  \\$acomputer$2rdamedia
=338  \\$aonline resource$2rdacarrier
=362  0\$a2 March/28 July 2020-10 January2022/16 February 2022.
=500  \\$aAt head of title: Article.
=500  \\$a"Updated estimates of mortality involving the coronavirus (COVID-19) by ethnic group and investigation of the explanatory power of hospital-based comorbidity on ethnic differences, building on previous models published by the Office for National Statistics".
=500  \\$aTitle from PDF caption (ONS Web site, viewed January 12, 2021).
=588  \\$aLatest issue consulted: 10 January2022/16 February 2022 (viewed April 18, 2023).
=650  \0$aMortality$zEngland$vStatistics$vPeriodicals.
=650  \0$aCOVID-19 (Disease)$zEngland$vStatistics$vPeriodicals.
=650  \0$aMortality$zWales$vStatistics$vPeriodicals.
=650  \0$aCOVID-19 (Disease)$zWales$vStatistics$vPeriodicals.
=650  \0$aEthnic groups$zEngland$vStatistics$vPeriodicals.
=650  \0$aEthnic groups$zWales$vStatistics$vPeriodicals.
=710  1\$aGreat Britain.$bOffice for National Statistics,$eissuing body.
=787  0\$tCoronavirus (COVID-19) related deaths by ethnic group, England and Wales
=785  00$tUpdating ethnic and religious contrasts in deaths involving the coronavirus (COVID-19), England
=859  \\$aELD$bejournal
=852  41$aBritish Library$bHMNTS$jELD Digital store$3(2020:Mar./Jul.)-(2022:Jan. 10/Feb. 16)
=CAT  \\$a3072$b40$c20210112$lBLL01$h1254
=CAT  \\$a3072$b40$c20210112$lBLL01$h1256
=CAT  \\$a8124$b40$c20230418$lBLL01$h1253
=FIN  \\$aY$d20230418
=LET  \0$aUpdating ethnic contrasts in deaths involving the coronavirus (COVID-19), England and Wales (Electronic)
=LKR  \\$aPAR$b019901157$lBLL01$nCoronavirus (COVID-19) related deaths by ethnic group, England and Wales$mUpdating ethnic contrasts in deaths involving the coronavirus (COVID-19), England and Wales$r787
=LAS  \\$a8124$b40$c20230418$lBLL01$h1253

