=LDR  00757cas a22002655i 4500
=001  020079327
=003  Uk
=005  20210126133355.0
=006  m\\\\\|\\d\|\\\\\\
=007  cr\|||||||||||
=008  210126c\\\\9999\\\\\\p\o\\\\\0\\\a0eng\\
=FMT  \\$a  SE
=022  \\$a1573-1650
=037  \\$a???$bELD-Direct
=245  00$aWater Resources Management
=264  \1$bSpringer
=336  \\$atext$2rdacontent
=337  \\$acomputer$2rdamedia
=338  \\$aonline resource$2rdacarrier
=859  \\$aELD$bejournal
=852  41$aBritish Library$bHMNTS$jELD Digital store$3Volume 32:Issue 3(2018)-
=985  \\$aELD accessioning record awaiting upgrade
=CAT  \\$a15005$b40$c20210126$lBLL01$h1333
=MNI  \\$a0920-4741
=LAS  \\$a15005$b40$c20210126$lBLL01$h1333

