=LDR  01770cas a2200457 i 4500
=001  020101672
=003  Uk
=005  20230920150302.0
=007  cr\|||||||||||
=008  210209d20202020wlkuu\p\\s\\\o0\\\a0eng\\
=FMT  \\$a  SE
=015  \\$aGBC117706$2bnb
=040  \\$aUk$beng$cUk$dUk$erda
=042  \\$aukblsr
=082  04$a382.0941$223
=245  00$aImpacts of the coronavirus on UK trade.
=246  3\$aImpacts of the coronavirus on United Kingdom trade
=264  \1$a[Newport] :$bOffice for National Statistics
=300  \\$aillustrations (colour)
=336  \\$atext$2rdacontent
=337  \\$acomputer$2rdamedia
=338  \\$aonline resource$2rdacarrier
=362  0\$aJuly 2020-
=500  \\$aTitle from PDF table of contents page (ONS website, viewed February 9, 2021).
=588  \\$aLatest issue consulted: December 2020 (viewed February 9, 2021).
=650  \0$aCovid-19$xEconomic aspects$vStatistics$vPeriodicals.
=650  \0$aExports$zGreat Britain$vStatistics$vPeriodicals.
=650  \0$aImports$zGreat Britain$vStatistics$vPeriodicals.
=651  \0$aGreat Britain$xCommerce$vStatistics$vPeriodicals.
=690  7\$aManagement and Business Studies$2blcoll
=710  1\$aGreat Britain.$bOffice for National Statistics.
=785  01$tImpacts of EU exit and coronavirus (COVID-19) on UK trade in services
=859  \\$aELD$bejournal
=852  41$aBritish Library$bHMNTS$jELD Digital store$3(2020:Jul.)-(2020:Dec.)
=CAT  \\$a8483$b40$c20210209$lBLL01$h0932
=CAT  \\$aBATCH-MBS$c20210219$lBLL01$h2141
=CAT  \\$a8124$b40$c20230920$lBLL01$h1501
=CAT  \\$a8124$b40$c20230920$lBLL01$h1503
=FIN  \\$aY$d20210209
=LET  \0$aImpacts of the coronavirus on UK trade (Electronic)
=LAS  \\$a8124$b40$c20230920$lBLL01$h1503

