=LDR  00883cas a22002775i 4500
=001  020106301
=003  Uk
=005  20230517154038.0
=006  m\\\\\|\\d\|\\\\\\
=007  cr\|||||||||||
=008  210215c\\\\9999\\\\\\p\o\\\\\0\\\a0eng\\
=FMT  \\$a  SE
=022  \\$a1918-3666
=037  3\$aISSN_19183666_1241$bPortico$nOpen Library of Humanities
=037  \\$a???$bUbiquity Press
=245  00$aDigital Studies/Le champ numérique
=264  \1$bOpen Library of Humanities
=336  \\$atext$2rdacontent
=337  \\$acomputer$2rdamedia
=338  \\$aonline resource$2rdacarrier
=859  \\$aELD$bejournal
=852  41$aBritish Library$bHMNTS$jELD Digital store$3Volume 7:Issue 1(2017)-
=985  \\$aELD accessioning record awaiting upgrade
=CAT  \\$a10983$b40$c20210215$lBLL01$h0853
=CAT  \\$a15190$b40$c20230517$lBLL01$h1540
=LAS  \\$a15190$b40$c20230517$lBLL01$h1540

