=LDR  01593cas a22003618i 4500
=001  020112550
=003  Uk
=005  20220704163506.0
=006  m\\\\\\\\d\|\\\\\\
=007  cr||||||||||||
=008  210223c19869999enkar\p\o\\\\\0\\\a0eng\\
=FMT  \\$a  SE
=022  0\$a2753-9725$202
=037  \\$aISSN_07907915_90$bPortico$nLiverpool University Press
=040  \\$aUk$beng$cUk$erda
=222  \0$aEighteenth-century Ireland$b(Online)
=245  00$aEighteenth-century Ireland.
=263  \\$a202106
=264  \1$aLiverpool :$bLiverpool University Press
=310  \\$aAnnual
=336  \\$atext$2rdacontent
=337  \\$acomputer$2rdamedia
=338  \\$aonline resource$2rdacarrier
=859  \\$aELD$bejournal
=852  41$aBritish Library$bHMNTS$jELD Digital store$3Volume 30(2015)-
=985  \\$aPlease link to ISSN 0790-7915 (Print) on completion and seek transfer of print record from ISSN Ireland (procedure agreed with ISSN Ireland 23/02/21) (Richard). Full access to online issue of volume 36 (2021) requested 17/12/21. PDF copy of v. 36 (2021) issue rec'd by email 19.1.22, publisher is quoted as 'Eighteenth-Century Ireland Society, Dublin'. LUP are referenced as publisher in editorial but not in the publishing statement (LUP=distributor).
=CAT  \\$a10806$b40$c20210223$lBLL01$h1115
=CAT  \\$a15005$b40$c20210520$lBLL01$h1405
=CAT  \\$a10973$b40$c20211217$lBLL01$h1005
=CAT  \\$a10973$b40$c20220202$lBLL01$h1108
=CAT  \\$a14586$b40$c20220704$lBLL01$h1635
=LET  \0$aEighteenth-century Ireland (Electronic)
=LAS  \\$a14586$b40$c20220704$lBLL01$h1635

