=LDR  02071cas a2200409 i 4500
=001  020159881
=003  Uk
=005  20210414104202.0
=007  cr\|||||||||||
=008  210414c201u9999wlkqr\p\\\\\\o0\\\a0eng\\
=FMT  \\$a  SE
=015  \\$aGBC158599$2bnb
=040  \\$aUk$beng$cUk$erda
=042  \\$aukblsr
=082  04$a152.420941$223
=245  00$aPersonal well-being in the UK, quarterly :$bQuarterly estimates of life satisfaction, feeling that the things done in life are worthwhile, happiness and anxiety at the UK level, created using the Annual Population Survey (APS).
=264  \1$a[Newport] :$bOffice for National Statistics
=310  \\$aQuarterly
=336  \\$atext$2rdacontent
=337  \\$acomputer$2rdamedia
=338  \\$aonline resource$2rdacarrier
=490  1\$aStatistical bulletin
=588  \\$aDescription based on: April 2011 to September 2020; title from PDF caption (ONS website, viewed April 14, 2021).
=650  \0$aHappiness$zGreat Britain$vStatistics$vPeriodicals.
=650  \0$aWell-being$zGreat Britain$vStatistics$vPeriodicals.
=710  1\$aGreat Britain.$bOffice for National Statistics,$eissuing body.
=787  0\$tPersonal well-being in the UK
=830  \0$aStatistical bulletin (Great Britain. Office for National Statistics)
=859  \\$aELD$bejournal
=852  41$aBritish Library$bHMNTS$jELD Digital store$3(2020:Sep.)-
=985  \\$aQuarterly stats in addition to the Annual publication at 018417814. Hoping it does to prove to replace the annual one temporarily (ED 14/4/21),
=CAT  \\$a8483$b40$c20210414$lBLL01$h1040
=CAT  \\$a8483$b40$c20210414$lBLL01$h1042
=FIN  \\$aY$d20210414
=LET  \0$aPersonal well-being in the UK, quarterly (Electronic)
=LKR  \\$aPAR$b018417814$lBLL01$r787$mPersonal well-being in the UK, quarterly : Quarterly estimates of life satisfaction, feeling that the things done in life are worthwhile, happiness and anxiety at the UK level, created using the Annual Population Survey (APS).$nPersonal well-being in the UK.
=LAS  \\$a8483$b40$c20210414$lBLL01$h1042

