=LDR  01779cas a2200469 i 4500
=001  020167572
=003  Uk
=005  20210429081126.0
=006  m\\\\\|\\d\|\\\\\\
=007  cr\|||||||||||
=008  210421c19789999enkar\\\o\\\\\0\\\a0eng\\
=FMT  \\$a  SE
=015  \\$aGBC162411$2bnb
=040  \\$aUk$beng$cUk$erda
=042  \\$aukblsr
=082  04$a792.0941$223
=110  2\$aTheatres Trust (Great Britain)
=240  10$aAnnual report (Theatres Trust)
=245  10$aAnnual report year ending 31st July ... /$cTheatres Trust.
=246  1\$iMinor title change:$aAnnual report
=264  \1$aLondon :$bTheatres Trust
=300  \\$billustrations (colour)
=310  \\$aAnnual
=336  \\$atext$2rdacontent
=337  \\$acomputer$2rdamedia
=338  \\$aonline resource$2rdacarrier
=500  \\$a"Incorporating the Annual report of the Theatres Trust Charitable Fund", <2015/2016->.
=588  \\$aDescription based on: print version record.
=588  \\$aLatest issue consulted: Annual report, 43rd edition (2020) (viewed April 21, 2021).
=610  20$aTheatres Trust (Great Britain)$vPeriodicals.
=610  20$aTheatres Trust (Great Britain)$xFinance$vPeriodicals.
=776  08$iAlso issued in print as:$aTheatres Trust (Great Britain).$sAnnual report (Theatres Trust)
=859  \\$aELD$bejournal
=852  41$aBritish Library$bHMNTS$jELD Digital store$3(2017)-
=985  \\$aWFH record (CS) 2021
=CAT  \\$a8124$b40$c20210421$lBLL01$h1459
=CAT  \\$a8124$b40$c20210421$lBLL01$h1502
=CAT  \\$a8124$b40$c20210429$lBLL01$h0811
=FIN  \\$aY$d20210421
=LET  \0$aAnnual report - Theatres Trust (Electronic)
=LKR  \\$aPAR$b012481122$lBLL01$r776$mAnnual report (Online)$nAnnual report (Print)
=LAS  \\$a8124$b40$c20210429$lBLL01$h0811

