=LDR  01216cas a22003618i 4500
=001  020171267
=003  Uk
=005  20230412152012.0
=006  m\\\\\\\\d\|\\\\\\
=007  cr||||||||||||
=008  210427c20229999enkqr\p\o\\\\\0\\\a0eng\\
=FMT  \\$a  SE
=022  0\$a2754-0774$202
=037  \\$a???$bInderscience
=040  \\$aUk$beng$cUk$erda
=222  \0$aInternational journal of digital transformation$b(Online)
=245  00$aInternational journal of digital transformation.
=263  \\$a202310
=264  \1$aOlney :$bInderscience Enterprises Limited
=310  \\$aQuarterly
=336  \\$atext$2rdacontent
=337  \\$acomputer$2rdamedia
=338  \\$aonline resource$2rdacarrier
=776  08$iAlso issued in print as:$tInternational journal of digital transformation$x2754-0766
=859  \\$aELD$bejournal
=852  41$aBritish Library$bHMNTS$jELD Digital store
=CAT  \\$a10806$b40$c20210427$lBLL01$h1334
=CAT  \\$a10983$b40$c20220820$lBLL01$h1038
=CAT  \\$a10983$b40$c20220820$lBLL01$h1046
=CAT  \\$a5466D$b40$c20230412$lBLL01$h1520
=LET  \0$aInternational journal of digital transformation (Electronic)
=MNI  \\$a2754-0766
=LAS  \\$a5466D$b40$c20230412$lBLL01$h1520

