=LDR  01318cas a2200409 i 4500
=001  020183514
=003  Uk
=005  20210510200122.0
=006  m\\\\\|\\d\|\\\\\\
=007  cr\|||||||||||
=008  210505c20189999enkbr\p\o\\\\\0\\\a0eng\\
=FMT  \\$a  SE
=015  \\$aGBC171334$2bnb
=040  \\$aUk$beng$cUk$erda
=042  \\$aukblsr
=082  04$a942.657$223
=245  00$aNorthstowe news.
=264  \1$a[Northstowe] :$b[publisher not identified],$c2018-
=300  \\$billustrations (black and white, and colour)
=310  \\$aBimonthly
=336  \\$atext$2rdacontent
=337  \\$acomputer$2rdamedia
=338  \\$aonline resource$2rdacarrier
=362  0\$aIssue 1-
=500  \\$aTitle from PDF cover.
=588  \\$aLatest issue consulted: issue 15 (May/June 2021).
=651  \0$aNorthstowe (England)$xSocial life and customs$vPeriodicals.
=859  \\$aELD$bejournal
=852  41$aBritish Library$bHMNTS$jELD Digital store$3Issue 1(2018)-
=985  \\$aViewed as supplied PDFs only. No website found 6/5/21
=985  \\$aWFH record (CS) 2021
=CAT  \\$a8124$b40$c20210505$lBLL01$h0923
=CAT  \\$a8871$b40$c20210506$lBLL01$h1300
=CAT  \\$a8124$b40$c20210510$lBLL01$h2001
=FIN  \\$aY$d20210505
=LET  \0$aNorthstowe news (Electronic)
=LAS  \\$a8124$b40$c20210510$lBLL01$h2001

