=LDR  01791cas a2200469 i 4500
=001  020189779
=003  Uk
=005  20210616110806.0
=006  m\\\\\|\\d\|\\\\\\
=007  cr\|||||||||||
=008  210512c20149999enkar\\\or\\\\0\\\a0eng\\
=FMT  \\$a  SE
=015  \\$aGBC174277$2bnb
=040  \\$aUk$beng$cUk$erda
=042  \\$aukblsr
=082  04$a668.402941$223
=110  2\$aBritish Plastics Federation,$eauthor.
=245  10$aMembers' directory /$cBritish Plastics Federation.
=246  17$aBPF members' directory
=246  1\$iMinor title change:$aMembers directory$f2017-
=264  \1$aLondon :$bBritish Plastics Federation
=300  \\$billustrations (colour)
=310  \\$aAnnual
=336  \\$atext$2rdacontent
=337  \\$acomputer$2rdamedia
=338  \\$aonline resource$2rdacarrier
=362  1\$aBegan with 2014 issue.
=500  \\$aHas subtitle: a comprehensive guide to the best of the British plastics industry, from 2017: the comprehensive guide ...
=588  \\$aDescription based on: 2016 issue; title from PDF cover.
=588  \\$aLatest issue consulted: 2020/2021.
=610  20$aBritish Plastics Federation$vDirectories.
=650  \0$aPlastics industry and trade$zGreat Britain$vDirectories.
=650  \0$aPlastics industry and trade$zGreat Britain$xEquipment and supplies$vPeriodicals.
=787  0\$aBritish Plastics Federation.$tBritish plastics industry directory
=859  \\$aELD$bejournal
=852  41$aBritish Library$bHMNTS$jELD Digital store$3(2016)-
=CAT  \\$a3072$b40$c20210512$lBLL01$h1115
=CAT  \\$a8483$b40$c20210524$lBLL01$h1546
=CAT  \\$a8874$b40$c20210616$lBLL01$h1108
=FIN  \\$aY$d20210512
=LET  \0$aAnnual review - British Plastics Federation (Electronic)
=LAS  \\$a8874$b40$c20210616$lBLL01$h1108

