=LDR  01822cas a2200493 i 4500
=001  020192780
=003  Uk
=005  20210607115208.0
=006  m\\\\\|\\d\|\\\\\\
=007  cr\|||||||||||
=008  210518c20169999enkfr\p\o\\\\\0\\\a0eng\\
=FMT  \\$a  SE
=015  \\$aGBC174909$2bnb
=022  0\$a2520-2596
=040  \\$aUk$beng$cUk$erda
=042  \\$aukblsr
=082  04$a428.24071$223
=222  \0$aTEYLT worldwide
=245  00$aTEYLT worldwide.
=246  3\$aTeaching English to young learners and teenagers worldwide
=264  \1$a[Faversham] :$bIATEFL,$c2016-
=300  \\$billustrations (colour)
=310  \\$aSemiannual
=336  \\$atext$2rdacontent
=337  \\$acomputer$2rdamedia
=338  \\$aonline resource$2rdacarrier
=362  0\$aIssue 1 (2016)-
=500  \\$aTitle from PDF cover (publisher's website, viewed May 18, 2021).
=588  \\$aLatest issue consulted: issue 1 (2020) (viewed May 18, 2021).
=650  \0$aEnglish language$xStudy and teaching (Secondary)$xForeign speakers$vPeriodicals.
=650  \0$aEnglish language$xStudy and teaching (Elementary)$xForeign speakers$vPeriodicals.
=710  2\$aYoung Learners & Teenagers Special Interest Group (International Association of Teachers of English as a Foreign Language),$eissuing body.
=780  00$tC & TS digital$x2409-6628
=859  \\$aELD$bejournal
=852  41$aBritish Library$bHMNTS$jELD Digital store$3Issue 1(2016)-
=985  \\$aWFH record (CS) 2021
=CAT  \\$a8124$b40$c20210518$lBLL01$h0832
=CAT  \\$a8124$b40$c20210527$lBLL01$h1216
=CAT  \\$a8483$b40$c20210607$lBLL01$h1152
=FIN  \\$aY$d20210518
=LET  \0$aTEYLT worldwide (Electronic)
=LKR  \\$aPAR$b020215839$lBLL01$r78000$mTEYLT worldwide$nC&TS digital
=MNI  \\$a2520-2596
=LAS  \\$a8483$b40$c20210607$lBLL01$h1152

