=LDR  01659cas a2200445 i 4500
=001  018618110
=003  Uk
=005  20171122095943.0
=006  m\\\\\|\\d\|\\\\\\
=007  cr\|||||||||||
=008  171122c20uu9999enkar\\\o\s\\o0\\\a0eng\\
=FMT  \\$a  SE
=015  \\$aGBB7M6477$2bnb
=040  \\$aUk$beng$cUk$erda
=042  \\$aukblsr
=082  04$a371.144$223
=245  00$aTeacher attitude survey ... report :$bteachers' awareness and perceptions of Ofsted.
=246  30$aTeacher attitude survey
=264  \1$a[London] :$bOfsted
=300  \\$billustrations (black and white, and colour)
=310  \\$aAnnual
=336  \\$atext$2rdacontent
=337  \\$acomputer$2rdamedia
=338  \\$aonline resource$2rdacarrier
=550  \\$aSurvey performed by YouGov for Ofsted.
=588  \\$aDescription based on: 2017 ; title from PDF cover.
=610  10$aGreat Britain.$bOffice for Standards in Education (England)$xEvaluation$vPeriodicals.
=610  10$aGreat Britain.$bOffice for Standards in Education (England)$xEvaluation$vStatistics$vPeriodicals.
=650  \0$aTeachers$xAttitudes$vPeriodicals.
=650  \0$aTeachers$xAttitudes$vStatistics$vPeriodicals.
=710  1\$aGreat Britain.$bOffice for Standards in Education (England),$eissuing body.
=710  2\$aYouGov (Firm)
=859  \\$aELD$bejournal
=852  41$aBritish Library$bHMNTS$jELD Digital store$3(2017)-
=985  \\$aViewed as supplied PDF only
=CAT  \\$a8124$b40$c20171122$lBLL01$h0952
=CAT  \\$a8124$b40$c20171122$lBLL01$h0959
=FIN  \\$aY$d20171122
=LET  \0$aTeacher attitude survey ... report (Electronic)
=LAS  \\$a8124$b40$c20171122$lBLL01$h0959

