=LDR  01213cas a22003735i 4500
=001  018627580
=003  Uk
=005  20190314174912.0
=006  m\\\\\|\\d\|\\\\\\
=007  cr\|||||||||||
=008  171130c\\\\9999\\\\\\p\o\\\\\0\\\a0eng\\
=FMT  \\$a  SE
=022  \\$a2410-5449
=037  \\$aISSN_25213695$bPortico$nPluto Journals
=245  00$aBethlehem University Journal
=264  \1$bPluto
=336  \\$atext$2rdacontent
=337  \\$acomputer$2rdamedia
=338  \\$aonline resource$2rdacarrier
=859  \\$aELD$bejournal
=852  41$aBritish Library$bHMNTS$jELD Digital store$3Volume 33(2015)-
=985  \\$aELD accessioning record awaiting upgrade
=CAT  \\$a10983$b40$c20171130$lBLL01$h1133
=CAT  \\$aW1711-1005$c20171206$lBLL01$h1830
=CAT  \\$a10983$b40$c20180410$lBLL01$h0915
=CAT  \\$a10983$b40$c20180619$lBLL01$h0938
=CAT  \\$a10983$b40$c20180619$lBLL01$h0939
=CAT  \\$a15001$b40$c20180710$lBLL01$h1135
=CAT  \\$a10983$b40$c20181121$lBLL01$h1346
=CAT  \\$a10983$b40$c20181121$lBLL01$h1347
=CAT  \\$a10983$b40$c20181204$lBLL01$h1520
=CAT  \\$a14586$b40$c20190314$lBLL01$h1749
=MNI  \\$a2521-3695
=LAS  \\$a14586$b40$c20190314$lBLL01$h1749

