=LDR  01611cas a22004575i 4500
=001  018647285
=003  Uk
=005  20191105082429.0
=006  m\\\\\|\\d\|\\\\\\
=007  cr\|||||||||||
=008  171213c\\\\9999\\\\\\p\o\\\\\0\\\a0eng\\
=FMT  \\$a  SE
=022  \\$a2573-508X
=037  \\$aISSN_2573508X$bPortico$nWiley
=082  04$a301$223
=245  00$aPROCEEDINGS OF THE AFRICAN FUTURES CONFERENCE
=264  \1$bWiley
=336  \\$atext$2rdacontent
=337  \\$acomputer$2rdamedia
=338  \\$aonline resource$2rdacarrier
=540  \\$aBritish Library not licensed to copy$c0$5Uk
=859  \\$aELD$bejournal
=852  41$aBritish Library$bHMNTS$jELD Digital store$3Volume 1:Issue 1(2016)-
=945  \\$aPROCEEDINGS OF THE AFRICAN FUTURES CONFERENCE.
=979  \\$aBritish Library$bDSC$j6836.184000N
=985  \\$aELD accessioning record awaiting upgrade
=CAT  \\$a14586$b40$c20171213$lBLL01$h1134
=CAT  \\$a10983$b40$c20180124$lBLL01$h1339
=CAT  \\$a10983$b40$c20180219$lBLL01$h1327
=CAT  \\$a5552$b40$c20190711$lBLL01$h0854
=CAT  \\$aBLDSS-3PM$b00$c20190717$lBLL01$h1521
=CAT  \\$aBATCH-UPD$b00$c20190717$lBLL01$h1521
=CAT  \\$a5410$b40$c20190726$lBLL01$h1455
=CAT  \\$a5410$b40$c20190731$lBLL01$h1252
=CAT  \\$a12654$b40$c20191105$lBLL01$h0824
=CAT  \\$aDEL-3PM$c20191112$lBLL01$h1438
=CFI  0\$aBritish Library not licensed to copy$c0$e05-nov-2019$hC$iTX$5Uk
=CFI  2\$aPrevious copyright fee: GBP28.00$c35\0$e11-jul-2019$fGBP28.00$g0$hP$5Uk
=TOC  \\$aETOC
=UNO  \\$aY
=LAS  \\$aDEL-3PM$b00$c20191112$lBLL01$h1438

