=LDR  01840cas a2200433 i 4500
=001  019440649
=003  Uk
=005  20190619163243.0
=006  m\\\\\|\\d\|\\\\\\
=007  cr\|||||||||||
=008  190619c20169999wlkuu\\\o\s\\o0\\\a0eng\\
=FMT  \\$a  SE
=015  \\$aGBB9B0567$2bnb
=040  \\$aUk$beng$cUk$erda
=042  \\$aukblsr
=082  04$a382.45000941$223
=245  00$aUK trade in services by industry, country and service type.
=246  3\$aUnited Kingdom trade in services by industry, country and service type
=264  \1$a[Newport] :$bOffice for National Statistics,$c2019-
=336  \\$atext$2rdacontent
=337  \\$acomputer$2rdamedia
=338  \\$aonline resource$2rdacarrier
=362  0\$a2016/2017-
=500  \\$aAt head of title: Article.
=500  \\$aTitle from PDF caption (ons.gov.uk, viewed June 19, 2019).
=520  \\$aBreakdown of UK trade in services by industry, country and service type on a balance of payments basis using a new experimental dataset.
=650  \0$aService industries$zGreat Britain$vStatistics$vPeriodicals.
=650  \0$aInternational trade$vStatistics$vPeriodicals.
=651  \0$aGreat Britain$xCommerce$vStatistics$vPeriodicals.
=690  7\$aManagement and Business Studies$2blcoll
=710  1\$aGreat Britain.$bOffice for National Statistics,$eissuing body.
=859  \\$aELD$bejournal
=852  41$aBritish Library$bHMNTS$jELD Digital store$3(2016/2017)-(2016/2018)
=985  \\$aDDC - standard subs are added for either or both topics (i.e. can be added just for services); unsure whether a one-off.
=CAT  \\$a3072$b40$c20190619$lBLL01$h1632
=CAT  \\$aBATCH-MBS$c20190628$lBLL01$h2118
=FIN  \\$aY$d20190619
=LET  \0$aUK trade in services by industry, country and service type (Electronic)
=LAS  \\$aBATCH-MBS$b00$c20190628$lBLL01$h2118

