=LDR  01696 as a2200445 i 4500
=001  019545118
=003  Uk
=005  20190923105857.0
=006  m\\\\\|\\d\|\\\\\\
=007  cr\|||||||||||
=008  190917d20122014enkfr\p\o\\\\o0\\\a0eng\\
=FMT  \\$a  SE
=040  \\$aUk$beng$cUk$erda
=042  \\$aissnuk$aukblsr
=082  04$a336.2009411$223
=245  00$aEconomic and fiscal outlook.$pScottish tax forecasts.
=246  30$aScottish tax forecasts
=264  \1$a[London] :$bOffice for Budget Responsibility
=310  \\$aSemiannual
=336  \\$atext$2rdacontent
=337  \\$acomputer$2rdamedia
=338  \\$aonline resource$2rdacarrier
=362  0\$aMarch 2012-March 2014.
=588  \\$aDescription based on: March 2012; title from PDF cover (Office for Budget Responsibility Web site, viewed September 17, 2019).
=588  \\$aLatest issue consulted: March 2014 (viewed September 17, 2019).
=650  \0$aTaxation$zScotland$vPeriodicals.
=650  \0$aTaxation$zScotland$xForecasting$vPeriodicals.
=650  \0$aFinance, Public$zScotland$vPeriodicals.
=690  7\$aManagement and Business Studies$2blcoll
=710  1\$aGreat Britain.$bOffice for Budget Responsibility,$eissuing body.
=785  01$tEconomic and fiscal outlook. Devolved taxes forecast
=859  \\$aELD$bejournal
=852  41$aBritish Library$bHMNTS$jELD Digital store$3(2012:Mar.)-(2014:Mar.)
=CAT  \\$a8483$b40$c20190917$lBLL01$h1429
=CAT  \\$a8483$b40$c20190917$lBLL01$h1432
=CAT  \\$a8483$b40$c20190918$lBLL01$h0940
=CAT  \\$aBATCH-MBS$c20190920$lBLL01$h2125
=CAT  \\$a14586$b40$c20190923$lBLL01$h1058
=FIN  \\$aY$d20190917
=LAS  \\$a14586$b40$c20190923$lBLL01$h1058

