=LDR  01902cas a2200469 i 4500
=001  019567746
=003  Uk
=005  20191014090142.0
=006  m\\\\\|\\d\|\\\\\\
=007  cr\|||||||||||
=008  191008c20069999enkqr\p\o\\\\\0\\\a0eng\\
=FMT  \\$a  SE
=040  \\$aUk$beng$cUk$erda
=042  \\$aissnuk$aukblsr
=082  04$a361.942191$223
=130  0\$aYour Croydon (Croydon, London, England)
=245  10$aYour Croydon :$byour primary source of community information.
=264  \1$a[Croydon] :$b[Croydon Council]
=300  \\$billustrations (colour)
=310  \\$aQuarterly
=336  \\$atext$2rdacontent
=337  \\$acomputer$2rdamedia
=338  \\$aonline resource$2rdacarrier
=362  1\$aPrint began with issue 1 (October 2006).
=588  \\$aDescription based on: issue 66 (December 2014 / February 2015); title from PDF cover (issuu.com Web site, viewed October 8, 2019).
=588  \\$aLatest issue consulted: issue 85 (summer 2019) (viewed October 8, 2019).
=650  \0$aMunicipal services$zEngland$zCroydon (London)$vPeriodicals.
=651  \0$aCroydon (London, England)$xSocial life and customs$vPeriodicals.
=690  7\$aSocial Welfare$2blcoll
=710  1\$aCroydon (London, England).$bCouncil.
=776  08$iAlso issued in print -2014 as:$tYour Croydon (Croydon, London, England)
=859  \\$aELD$bejournal
=852  41$aBritish Library$bHMNTS$jELD Digital store$3Issue 66(2014/2015)-
=CAT  \\$a8483$b40$c20191008$lBLL01$h1216
=CAT  \\$a8483$b40$c20191008$lBLL01$h1217
=CAT  \\$a8483$b40$c20191008$lBLL01$h1227
=CAT  \\$a14586$b40$c20191014$lBLL01$h0901
=CAT  \\$aBATCH-SWP$c20191018$lBLL01$h2212
=FIN  \\$aY$d20191008
=LET  \0$aYour Croydon (Electronic)
=LKR  \\$aPAR$b013621007$lBLL01$r776$mYour Croydon : your primary source of community information.$nYour Croydon.
=LAS  \\$aBATCH-SWP$b00$c20191018$lBLL01$h2212

