=LDR  01315cas a2200409 i 4500
=001  019574265
=003  Uk
=005  20191025214904.0
=006  m\\\\\|\\d\|\\\\\\
=007  cr\|||||||||||
=008  191014c20159999enkmr\\\o\\\\o0\\\a0eng\\
=FMT  \\$a  SE
=015  \\$aGBB9G9848$2bnb
=040  \\$aUk$beng$cUk$erda
=042  \\$aukblsr
=082  04$a338.4766142$223
=245  00$aFluorspar industry briefing.
=264  \1$a[London] :$bRoskill
=310  \\$aMonthly
=336  \\$atext$2rdacontent
=337  \\$acomputer$2rdamedia
=338  \\$aonline resource$2rdacarrier
=362  0\$aSample issue no. 1 (February 2015)-
=500  \\$aTitle from PDF caption.
=588  \\$aLatest issue consulted: issue no. 2 (March 2015).
=650  \0$aFluorspar industry$vPeriodicals.
=650  \0$aBusiness enterprises$vPeriodicals.
=650  \0$aMarket surveys$vPeriodicals.
=690  7\$aManagement and Business Studies$2blcoll
=710  2\$aRoskill Information Services,$eissuing body.
=859  \\$aELD$bejournal
=852  41$aBritish Library$bHMNTS$jELD Digital store$3Issue 1(2015:Feb.)-
=CAT  \\$a3072$b40$c20191014$lBLL01$h1755
=CAT  \\$a3072$b40$c20191015$lBLL01$h0956
=CAT  \\$aBATCH-MBS$c20191025$lBLL01$h2149
=FIN  \\$aY$d20191015
=LAS  \\$aBATCH-MBS$b00$c20191025$lBLL01$h2149

