=LDR  02028 as a2200481 i 4500
=001  019604908
=003  Uk
=005  20191115221654.0
=006  m\\\\\|\\d\|\\\\\\
=007  cr\|||||||||||
=008  191106c20139999enkar\\\o\\\\o0\\\a0eng\\
=FMT  \\$a  SE
=015  \\$aGBB9I3633$2bnb
=040  \\$aUk$beng$cUk$erda
=042  \\$aukblsr
=082  04$a331.137708694$223
=245  00$aYouth Unemployment Innovation Fund Pilot :$bstarts and outcomes.
=264  \1$a[Sheffield?] :$bDepartment for Work & Pensions,$c2013-2015.
=310  \\$aQuarterly
=336  \\$atext$2rdacontent
=337  \\$acomputer$2rdamedia
=338  \\$aonline resource$2rdacarrier
=362  0\$aJune 2013-September 2015.
=500  \\$aTitle from PDF cover (GOV.UK viewed November 6, 2019).
=588  \\$aLatest issue consulted: September 2015 (viewed November 6, 2019).
=610  20$aYouth Unemployment Innovation Fund Pilot$vStatistics$vPeriodicals.
=650  \0$aPublic-private sector cooperation$zGreat Britain$vPeriodicals.
=650  \0$aYouth with social disabilities$xGovernment policy$zGreat Britain$xFinance$vPeriodicals.
=650  \0$aUnemployed youth$xGovernment policy$zGreat Britain$vPeriodicals.
=650  \0$aYouth with social disabilities$xServices for$zGreat Britain$xFinance$vPeriodicals.
=650  \0$aYouth with social disabilities$xEducation (Higher)$zGreat Britain$vPeriodicals.
=650  \0$aUnemployment$xPrevention$xGovernment policy$zGreat Britain$vPeriodicals.
=690  7\$aManagement and Business Studies$2blcoll
=690  7\$aSocial Welfare$2blcoll
=710  1\$aGreat Britain.$bDepartment for Work & Pensions,$eissuing body.
=859  \\$aELD$bejournal
=852  41$aBritish Library$bHMNTS$jELD Digital store$3(2013:Jun.)-(2016:Jan.)
=CAT  \\$a3072$b40$c20191106$lBLL01$h1442
=CAT  \\$a7332$b40$c20191107$lBLL01$h0749
=CAT  \\$aBATCH-MBS$c20191115$lBLL01$h2108
=CAT  \\$aBATCH-SWP$c20191115$lBLL01$h2216
=FIN  \\$aY$d20191106
=LAS  \\$aBATCH-SWP$b00$c20191115$lBLL01$h2216

