=LDR  01749 as a2200433 i 4500
=001  019612590
=003  Uk
=005  20191122222629.0
=006  m\\\\\|\\d\|\\\\\\
=007  cr\|||||||||||
=008  191114d2007200uenkar\p\o\\\\\0\\\a0eng\\
=FMT  \\$a  SE
=040  \\$aUk$beng$cUk$erda
=042  \\$aukblsr
=082  04$a362.40941$223
=110  2\$aLeonard Cheshire Disability (Great Britain),$eauthor.
=245  10$aDisability review /$cLeonard Cheshire Disability.
=264  \1$aLondon :$bLeonard Cheshire Disability
=300  \\$billustrations (colour)
=310  \\$aAnnual
=336  \\$atext$2rdacontent
=337  \\$acomputer$2rdamedia
=338  \\$aonline resource$2rdacarrier
=362  0\$a2007-
=500  \\$aTitle from PDF cover.
=588  \\$aLatest issue consulted: 2009.
=650  \0$aPeople with disabilities$zGreat Britain$xSocial conditions$vPeriodicals.
=650  \0$aPeople with disabilities$xServices for$zGreat Britain$vPeriodicals.
=690  7\$aSocial Welfare$2blcoll
=859  \\$aELD$bejournal
=852  41$aBritish Library$bHMNTS$jELD Digital store$3(2007)-(2009)
=985  \\$aNo 856 included as at the time of cataloguing, the resource could not be found on the website. Legacy online links to Leonard Cheshire Disability failed, although there was evidence that this title was at some point available as a PDF or Word Document online. Probably ceased with 2009.
=CAT  \\$a8483$b40$c20191114$lBLL01$h1456
=CAT  \\$a8483$b40$c20191114$lBLL01$h1457
=CAT  \\$a8483$b40$c20191114$lBLL01$h1501
=CAT  \\$aBATCH-SWP$c20191122$lBLL01$h2226
=FIN  \\$aY$d20191114
=LET  \0$aDisability review - Leonard Cheshire Disability (Electronic)
=LAS  \\$aBATCH-SWP$b00$c20191122$lBLL01$h2226

