=LDR  01638 as a2200457 i 4500
=001  019649982
=003  Uk
=005  20200103220751.0
=006  m\\\\\|\\d\|\\\\\\
=007  cr\|||||||||||
=008  191219c19uu9999enkar\\\o\\\\\0\\\a0eng\\
=FMT  \\$a  SE
=040  \\$aUk$beng$cUk$erda
=042  \\$aukblsr
=082  04$a305.42$223
=110  2\$aAssociated Country Women of the World.
=245  10$aACWW world president's newsletter.
=246  1\$iMinor title change:$aWorld president's newsletter,$f2018-
=264  \1$aLondon :$bAssociated Country Women of the World
=300  \\$billustrations (colour)
=310  \\$aAnnual
=336  \\$atext$2rdacontent
=337  \\$acomputer$2rdamedia
=338  \\$aonline resource$2rdacarrier
=588  \\$aDescription based on: 2017 issue; title from PDF caption.
=588  \\$aLatest issue consulted: 2018.
=610  20$aAssociated Country Women of the World$vPeriodicals.
=650  \0$aWomen in development$vPeriodicals.
=650  \0$aWomen$xSocial conditions$vPeriodicals.
=650  \0$aWomen$xEconomic conditions$vPeriodicals.
=650  \0$aEconomic development$xCitizen participation$vPeriodicals.
=650  \0$aCommunity development$vPeriodicals.
=690  7\$aSocial Welfare$2blcoll
=859  \\$aELD$bejournal
=852  41$aBritish Library$bHMNTS$jELD Digital store$3(2017)-(2018:Sep.)
=CAT  \\$a3072$b40$c20191219$lBLL01$h1220
=CAT  \\$a3072$b40$c20191219$lBLL01$h1224
=CAT  \\$aBATCH-SWP$c20200103$lBLL01$h2207
=FIN  \\$aY$d20191219
=LET  \0$aACWW world president's newsletter (Electronic)
=LAS  \\$aBATCH-SWP$b00$c20200103$lBLL01$h2207

