=LDR  01629cas a2200433 i 4500
=001  019709743
=003  Uk
=005  20200214221812.0
=006  m\\\\\|\\d\|\\\\\\
=007  cr\|||||||||||
=008  200211c20uu9999wlkuu\p\os\\\\0\\\a0eng\\
=FMT  \\$a  SE
=040  \\$aUk$beng$cUk$erda
=042  \\$aukblsr
=082  04$a363.58309429$223
=245  00$aFuel poverty estimates for Wales.
=264  \1$a[Wales] :$bWelsh Government
=300  \\$billustrations (colour).
=336  \\$atext$2rdacontent
=337  \\$acomputer$2rdamedia
=338  \\$aonline resource$2rdacarrier
=490  1\$aStatistical first release
=490  1\$aStatistical bulletin
=515  \\$aAlso carries numbering of series with SB or SFR prefix.
=588  \\$aDescription based on: 2018 : Headline results (Gov.Wales, viewed February 11, 2020).
=588  \\$aLatest issue consulted: 2018 revised (viewed February 11, 2020).
=650  \0$aPoor$xEnergy assistance$zWales$vStatistics$vPeriodicals.
=650  \0$aPoor$xEnergy assistance$xGovernment policy$zWales$vPeriodicals.
=690  7\$aSocial Welfare$2blcoll
=710  1\$aWales.$bWelsh Government,$eissuing body.
=830  \0$aStatistical First Release (Wales. Welsh Government)
=830  \0$aStatistical bulletin (Wales. Welsh Government)
=859  \\$aELD$bejournal
=852  41$aBritish Library$bHMNTS$jELD Digital store$3(2018)Annex 1-(2018)Revised
=CAT  \\$a8483$b40$c20200211$lBLL01$h1148
=CAT  \\$aBATCH-SWP$c20200214$lBLL01$h2218
=FIN  \\$aY$d20200211
=LET  \0$aFuel poverty estimates for Wales (Electronic)
=LAS  \\$aBATCH-SWP$b00$c20200214$lBLL01$h2218

