=LDR  01754cas a2200457 i 4500
=001  019719968
=003  Uk
=005  20200219094103.0
=006  m\\\\\|\\d\|\\\\\\
=007  cr\|||||||||||
=008  200219c20199999stkar\\\o\s\\o0\\\a0eng\\
=FMT  \\$a  SE
=015  \\$aGBC028376$2bnb
=040  \\$aUk$beng$cUk$erda
=042  \\$aukblsr
=082  04$a338.109411021$223
=245  00$aJune agricultural census.
=264  \1$aEdinburgh :$bScottish Government,$c2019-
=300  \\$billustrations (colour), maps (colour)
=310  \\$aAnnual
=336  \\$atext$2rdacontent
=337  \\$acomputer$2rdamedia
=338  \\$aonline resource$2rdacarrier
=362  0\$a2019-
=500  \\$aTitle from PDF cover (gov.scot, viewed February 19, 2020).
=500  \\$a"A National Statistics publication for Scotland".
=500  \\$aAccompanied on website by supporting PDF and Excel files.
=650  \0$aAgricultural industries$zScotland$vStatistics$vPeriodicals.
=650  \0$aAgriculture$zScotland$vStatistics$vPeriodicals.
=650  \0$aFarm produce$zScotland$vStatistics$vPeriodicals.
=690  7\$aManagement and Business Studies$2blcoll
=710  1\$aScotland.$bScottish Government,$eissuing body.
=710  1\$aScotland.$bRural and Environment Science and Analytical Services,$eissuing body.
=780  00$tResults from the ... Scottish agricultural census
=859  \\$aELD$bejournal
=852  41$aBritish Library$bHMNTS$jELD Digital store$3(2019)-
=CAT  \\$a8124$b40$c20200219$lBLL01$h0941
=FIN  \\$aY$d20200219
=LET  \0$aJune agricultural census (Electronic)
=LKR  \\$aPAR$b016960760$lBLL01$r78000$mJune agricultural census$nResults from the ... Scottish agricultural census
=LAS  \\$a8124$b40$c20200219$lBLL01$h0941

