=LDR  01662 as a2200457 i 4500
=001  019728325
=003  Uk
=005  20200227152441.0
=006  m\\\\\|\\d\|\\\\\\
=007  cr\|||||||||||
=008  200227d20132017enkqr\p\o\\\\\0\\\a0eng\\
=FMT  \\$a  SE
=040  \\$aUk$beng$cUk$erda
=042  \\$aukblsr
=082  04$a363.1106041$223
=245  04$aThe CIRAS newsletter.
=246  1\$iMinor title change:$aCIRAS,$f2015-
=246  3\$aConfidential Incident Reporting & Analysis Service newsletter
=264  \1$a[London] :$bCIRAS
=300  \\$billustrations (colour)
=310  \\$aQuarterly
=336  \\$atext$2rdacontent
=337  \\$acomputer$2rdamedia
=338  \\$aonline resource$2rdacarrier
=362  1\$aBegan in 2013.
=362  0\$a-issue 63 (Autumn 2017).
=588  \\$aDescription based on: edition 45 (March/April 2013); title from PDF cover (CIRAS Web site, viewed February 27, 2020).
=588  \\$aLatest issue consulted: issue 63 (Autumn 2017) (viewed February 27, 2020).
=610  20$aCIRAS (Organization : Great Britain)$vPeriodicals.
=650  \0$aIndustrial safety$vPeriodicals.
=650  \0$aIndustrial hygiene$vPeriodicals.
=710  2\$aCIRAS (Organization : Great Britain),$eissuing body.
=785  00$tFrontline matters
=859  \\$aELD$bejournal
=852  41$aBritish Library$bHMNTS$jELD Digital store$3Edition 45(2013:Mar./Apr.)-Edition 63(2017:Aut.)
=CAT  \\$a8483$b40$c20200227$lBLL01$h1520
=CAT  \\$a8483$b40$c20200227$lBLL01$h1521
=CAT  \\$a8483$b40$c20200227$lBLL01$h1524
=FIN  \\$aY$d20200227
=LET  \4$aThe CIRAS newsletter (Electronic)
=LAS  \\$a8483$b40$c20200227$lBLL01$h1524

