=LDR  01745cas a2200421 i 4500
=001  019750550
=003  Uk
=005  20200317120632.0
=006  m\\\\\|\\d\|\\\\\\
=007  cr\|||||||||||
=008  200317c19959999enkqr\p\o\\\\\0\\\a0eng\\
=FMT  \\$a  SE
=040  \\$aUk$beng$cUk$erda
=042  \\$aukblsr
=082  04$a174.2951$223
=245  00$aCode of practice review /$cPrescription Medicines Code of Practice Authority.
=264  \1$aLondon :$bPrescription Medicines Code of Practice Authority
=300  \\$billustrations (colour)
=310  \\$aQuarterly
=336  \\$atext$2rdacontent
=337  \\$acomputer$2rdamedia
=338  \\$aonline resource$2rdacarrier
=362  0\$aFebruary 1995-
=588  \\$aTitle from PDF caption (PMCPA website, viewed March 17, 2020).
=588  \\$aLatest issue consulted: number 103 (May 2019) (PMCPA website, viewed March 17, 2020).
=650  \0$aPharmaceutical ethics$vPeriodicals.
=650  \0$aPharmaceutical industry$xSelf-regulation$zGreat Britain$vPeriodicals.
=650  \0$aDrugs$xPrescribing$zGreat Britain$vPeriodicals.
=776  08$iAlso issued in print -2018 as:$tCode of practice review
=780  00$tQuarterly review
=859  \\$aELD$bejournal
=852  41$aBritish Library$bHMNTS$jELD Digital store$3Number 103(2019)-Number 104(2020)
=CAT  \\$a8483$b40$c20200317$lBLL01$h1203
=CAT  \\$a8483$b40$c20200317$lBLL01$h1206
=FIN  \\$aY$d20200317
=LET  \0$aCode of Practice Review - PMCPA (Electronic)
=LKR  \\$aPAR$b015815285$lBLL01$r776$mCode of practice review / Prescription Medicines Code of Practice Authority (Online)$nCode of practice review / Prescription Medicines Code of Practice Authority (Print)
=LAS  \\$a8483$b40$c20200317$lBLL01$h1206

