=LDR  02262cas a2200553 i 4500
=001  019809714
=003  Uk
=005  20200616152413.0
=006  m\\\\\|\\d\|\\\\\\
=007  cr\|||||||||||
=008  200616c20149999enkar\p\o\\\\\0\\\a0eng\\
=FMT  \\$a  SE
=015  \\$aGBC070833$2bnb
=040  \\$aUk$beng$cUk$erda
=042  \\$aukblsr
=082  04$a387.5442$223
=245  00$aContainer forecaster & annual review.
=246  1\$i2015 entitled:$aContainer forecaster
=246  1\$iWebsite list title:$aContainer market annual review
=246  1\$iWebsite link title :$aCONT MARF
=246  3\$aContainer forecaster and annual review
=264  \1$aLondon :$bDrewry Maritime Research
=300  \\$billustrations (colour)
=310  \\$aAnnual
=336  \\$atext$2rdacontent
=337  \\$acomputer$2rdamedia
=338  \\$aonline resource$2rdacarrier
=362  1\$aBegan in 2014.
=500  \\$aAccompanied on website by statistical spreadsheets.
=515  \\$aIssues also carry designation Quarter 3.
=588  \\$aDescription based on: 2016/2017; title from PDF cove (Drewry Web site, viewed April 23, 2020).
=588  \\$aLatest issue consulted: 2019/2020 (viewed April 23, 2010).
=650  \0$aContainerization$vStatistics$vPeriodicals.
=650  \0$aContainerization$xForecasting$vPeriodicals.
=650  \0$aContainer ships$vStatistics$vPeriodicals.
=650  \0$aMarket surveys$vPeriodicals.
=710  2\$aDrewry Maritime Research,$eissuing body.
=787  0\$tDrewry annual container market review and forecast$x1475-8873
=859  \\$aELD$bejournal
=852  41$aBritish Library$bHMNTS$jELD Digital store$3(2015)-
=985  \\$aWFH record (ED); Evidence on web of 2013/14 & 2012/2013 issues being called "Container market review & forecast" - possibly in print only.
=CAT  \\$a8483$b40$c20200616$lBLL01$h1515
=CAT  \\$a8483$b40$c20200616$lBLL01$h1518
=CAT  \\$a8483$b40$c20200616$lBLL01$h1519
=CAT  \\$a8483$b40$c20200616$lBLL01$h1524
=FIN  \\$aY$d20200616
=LET  \0$aContainer forecaster & annual review (Electronic)
=LKR  \\$aPAR$b011649948$lBLL01$r787$mContainer forecaster & annual review.$nDrewry annual container market review and forecast
=LAS  \\$a8483$b40$c20200616$lBLL01$h1524

