=LDR  02120cas a2200493 i 4500
=001  019820918
=003  Uk
=005  20200717212152.0
=006  m\\\\\|\\d\|\\\\\\
=007  cr\|||||||||||
=008  200624c19989999enkar\p\o\\\\o0\\\a0eng\\
=FMT  \\$a  SE
=015  \\$aGBC076927$2bnb
=040  \\$aUk$beng$cUk$erda
=042  \\$aukblsr
=082  04$a339.341$223
=245  00$aRegional economic activity by gross domestic product, UK.
=246  3\$aRegional economic activity by gross domestic product, United Kingdom
=264  \1$a[Great Britain] :$bOffice for National Statistics
=300  \\$billustrations (colour).
=310  \\$aAnnual
=336  \\$atext$2rdacontent
=337  \\$acomputer$2rdamedia
=338  \\$aonline resource$2rdacarrier
=362  0\$a1998 to 2018-
=490  1\$aStatistical bulletin
=500  \\$aTitle from PDF caption (ONS Web site, viewed May 11, 2020).
=515  \\$aCoverage is a rolling 20 yr period starting from 1998.
=500  \\$a"Annual estimates of economic activity by UK country, region and local area using gross domestic product (GDP). Estimates are available in current market prices and in chained volume measures and include a full industry breakdown of balanced regional gross value added (GVA(B))".
=650  \0$aGross domestic product$zGreat Britain$vStatistics$vPeriodicals.
=650  \0$aRegional economics$zGreat Britain$vStatistics$vPeriodicals.
=690  7\$aManagement and Business Studies$2blcoll
=710  1\$aGreat Britain.$bOffice for National Statistics,$eissuing body.
=830  \0$aStatistical bulletin (Great Britain. Office for National Statistics)
=859  \\$aELD$bejournal
=852  41$aBritish Library$bHMNTS$jELD Digital store$3(1998/2018)-
=985  \\$aFWH record (ED).
=CAT  \\$a8483$b40$c20200624$lBLL01$h1040
=CAT  \\$a8483$b40$c20200624$lBLL01$h1150
=CAT  \\$a8483$b40$c20200624$lBLL01$h1159
=CAT  \\$aBATCH-MBS$c20200717$lBLL01$h2121
=FIN  \\$aY$d20200624
=LET  \0$aRegional economic activity by gross domestic product, UK (Electronic)
=LAS  \\$aBATCH-MBS$b00$c20200717$lBLL01$h2121

