=LDR  01863 as a2200481 i 4500
=001  019827050
=003  Uk
=005  20200930112726.0
=006  m\\\\\|\\d\|\\\\\\
=007  cr\|||||||||||
=008  200701d201u2019xxkqr\p\o\s\\o0\\\a0eng\\
=FMT  \\$a  SE
=040  \\$aUk$beng$cUk$erda
=042  \\$aukblsr
=082  04$a333.790941$223
=245  00$aHeat Networks Delivery Unit ... pipeline.
=246  1\$iWebsite link title:$aHNDU pipeline
=264  \1$a[Great Britain] :$bDepartment for Business, Energy and Industrial Strategy
=300  \\$billustrations (colour)
=310  \\$aQuarterly
=336  \\$atext$2rdacontent
=337  \\$acomputer$2rdamedia
=338  \\$aonline resource$2rdacarrier
=362  0\$a-2019,Q1.
=588  \\$aDescription based on: 2018,Q1; title from PDF cover (GOV.UK, viewed July 1, 2020).
=588  \\$aLatest issue consulted: 2019,Q1, viewed July 1, 2020.
=610  10$aGreat Britain.$bHeat Networks Delivery Unit$vPeriodicals.
=650  \0$aEnergy policy$zGreat Britain$vPeriodicals.
=650  \0$aEnergy policy$zGreat Britain$vStatistics$vPeriodicals.
=650  \0$aInfrastructure (Economics)$zGreat Britain$vPeriodicals.
=710  1\$aGreat Britain.$bDepartment for Business, Energy & Industrial Strategy,$eissuing body.
=785  00$tHeat Networks pipeline
=859  \\$aELD$bejournal
=852  41$aBritish Library$bHMNTS$jELD Digital store$3Quarter 3(2017)-Quarter 1(2019)
=CAT  \\$a8483$b40$c20200701$lBLL01$h1026
=CAT  \\$a8483$b40$c20200701$lBLL01$h1043
=CAT  \\$a11315$b40$c20200930$lBLL01$h1126
=CAT  \\$a11315$b40$c20200930$lBLL01$h1127
=CAT  \\$a5194$b40$c20210413$lBLL01$h1202
=CAT  \\$aBATCH-UPD$b40$c20210413$lBLL01$h1202
=FIN  \\$aY$d20200701
=LET  \0$aHeat Networks Delivery Unit pipeline (Electronic)
=LAS  \\$aBATCH-UPD$b40$c20210413$lBLL01$h1202

