=LDR  02234cas a2200505 i 4500
=001  019827055
=003  Uk
=005  20200930112713.0
=006  m\\\\\|\\d\|\\\\\\
=007  cr\|||||||||||
=008  200701c20199999enkqr\p\o\\\\o0\\\a0eng\\
=FMT  \\$a  SE
=015  \\$aGBC080201$2bnb
=040  \\$aUk$beng$cUk$erda
=042  \\$aukblsr
=082  04$a333.790941$223
=245  00$aHeat Networks ... pipeline.
=246  1\$iWebsite link title:$aHNDU pipeline
=264  \1$a[Great Britain] :$bDepartment for Business, Energy and Industrial Strategy
=300  \\$billustrations (colour)
=310  \\$aQuarterly
=336  \\$atext$2rdacontent
=337  \\$acomputer$2rdamedia
=338  \\$aonline resource$2rdacarrier
=362  0\$a2019,Q2-
=500  \\$aTitle from PDF cover (GOV.UK, viewed July 1, 2020).
=500  \\$a"This publication... brings together heat networks investment opportunities in England and Wales. The opportunities present a wide range of projects supported through the development stages by the Heat Networks Delivery Unit (HNDU) and projects seeking capital support from the Heat Networks Investment Project (HNIP)".
=588  \\$aLatest issue consulted: 2020,Q1, viewed July 1, 2020.
=610  10$aGreat Britain.$bHeat Networks Delivery Unit$vPeriodicals.
=650  \0$aEnergy policy$zGreat Britain$vPeriodicals.
=650  \0$aEnergy policy$zGreat Britain$vStatistics$vPeriodicals.
=650  \0$aInfrastructure (Economics)$zGreat Britain$vPeriodicals.
=710  1\$aGreat Britain.$bDepartment for Business, Energy & Industrial Strategy,$eissuing body.
=780  00$tHeat Networks Delivery Unit pipeline.
=859  \\$aELD$bejournal
=852  41$aBritish Library$bHMNTS$jELD Digital store$3Quarter 2(2019)-
=CAT  \\$a8483$b40$c20200701$lBLL01$h1043
=CAT  \\$a8483$b40$c20200701$lBLL01$h1116
=CAT  \\$a11315$b40$c20200930$lBLL01$h1127
=CAT  \\$a5194$b40$c20210413$lBLL01$h1202
=CAT  \\$aBATCH-UPD$b40$c20210413$lBLL01$h1203
=FIN  \\$aY$d20200701
=LET  \0$aHeat Networks pipeline (Electronic)
=LKR  \\$aPAR$b019827050$lBLL01$r78000$mHeat Networks pipeline.$nHeat Networks Delivery Unit ... pipeline.
=LAS  \\$aBATCH-UPD$b40$c20210413$lBLL01$h1203

