=LDR  01553cas a2200445 i 4500
=001  019836802
=003  Uk
=005  20200724223717.0
=006  m\\\\\|\\d\|\\\\\\
=007  cr\|||||||||||
=008  200708c20189999enkar\p\o\\\\\0\\\a0eng\\
=FMT  \\$a  SE
=015  \\$aGBC083950$2bnb
=040  \\$aUk$beng$cUk$erda
=042  \\$aukblsr
=082  04$a362.1$223
=245  00$aMedical travel and tourism :$bglobal market report.
=264  \1$aLondon :$bLaingBuisson Ltd
=300  \\$billustrations (colour)
=310  \\$aAnnual
=336  \\$atext$2rdacontent
=337  \\$acomputer$2rdamedia
=338  \\$aonline resource$2rdacarrier
=362  1\$aPrint began with 1st edition.
=588  \\$aDescription based on: 2nd edition; title from PDF cover.
=650  \0$aMedical tourism$vPeriodicals.
=650  \0$aMarket surveys$vPeriodicals.
=690  7\$aSocial Welfare$2blcoll
=710  2\$aLaingBuisson (Firm),$eissuing body.
=776  08$iAlso issued in print as:$tMedical travel and tourism
=859  \\$aELD$bejournal
=852  41$aBritish Library$bHMNTS$jELD Digital store$3Edition 2(2020:Mar.)-
=985  \\$aWFH record (ED).
=CAT  \\$a8483$b40$c20200708$lBLL01$h1254
=CAT  \\$a8483$b40$c20200708$lBLL01$h1256
=CAT  \\$aBATCH-SWP$c20200724$lBLL01$h2237
=FIN  \\$aY$d20200708
=LET  \0$a(Electronic)
=LKR  \\$aPAR$b019205588$lBLL01$r776$mMedical travel and tourism : global market report (Online)$nMedical travel and tourism : global market report (Print)
=LAS  \\$aBATCH-SWP$b00$c20200724$lBLL01$h2237

