=LDR  01400 as a2200397 i 4500
=001  019839336
=003  Uk
=005  20200717212154.0
=006  m\\\\\|\\d\|\\\\\\
=007  cr\|||||||||||
=008  200713d20112016enkuu\p\o\\\\\0\\\a0eng\\
=FMT  \\$a  SE
=040  \\$aUk$beng$cUk$erda
=042  \\$aukblsr
=082  04$a338.914105691$223
=110  1\$aGreat Britain.$bDepartment for International Development,$eauthor.
=245  10$aOperational plan ...$pSyria.
=246  1\$iWebsite list title:$aDFID Syria operational plan
=264  \1$a[London] :$bDepartment for International Development
=336  \\$atext$2rdacontent
=337  \\$acomputer$2rdamedia
=338  \\$aonline resource$2rdacarrier
=362  0\$a2011/2016.
=500  \\$aTitle from PDF cover (GOV.UK, viewed July 13, 2020).
=650  \0$aEconomic assistance, British$zSyria$xPlanning$vPeriodicals.
=650  \0$aPoverty$zSyria$xPrevention$xPlanning$vPeriodicals.
=690  7\$aManagement and Business Studies$2blcoll
=859  \\$aELD$bejournal
=852  41$aBritish Library$bHMNTS$jELD Digital store$3(2011/2016)
=985  \\$aWFH record (ED).
=CAT  \\$a8483$b40$c20200713$lBLL01$h1044
=CAT  \\$a8483$b40$c20200713$lBLL01$h1046
=CAT  \\$aBATCH-MBS$c20200717$lBLL01$h2121
=FIN  \\$aY$d20200713
=LET  \0$aDFID Syria operational plan (Electronic)
=LAS  \\$aBATCH-MBS$b00$c20200717$lBLL01$h2121

