=LDR  01349cas a2200397 i 4500
=001  019843254
=003  Uk
=005  20200715085823.0
=006  m\\\\\|\\d\|\\\\\\
=007  cr\|||||||||||
=008  200715c20209999enkar\\\or\\\\0\\\a0eng\\
=FMT  \\$a  SE
=015  \\$aGBC086052$2bnb
=040  \\$aUk$beng$cUk$erda
=042  \\$aukblsr
=082  04$a373.22202541$223
=245  04$aThe directory of boarding schools.
=246  17$aService parents directory of boarding schools
=264  \1$a[Wisbech] :$bForces RecruitingLtd,$c2020-
=300  \\$billustrations (colour), maps (colour)
=310  \\$aAnnual
=336  \\$atext$2rdacontent
=337  \\$acomputer$2rdamedia
=338  \\$aonline resource$2rdacarrier
=362  0\$a2020-
=500  \\$aTitle from PDF cover (publisher's website, viewed July 15, 2020).
=650  \0$aChildren of military personnel$xEducation$zGreat Britain$vDirectories.
=650  \0$aBoarding schools$zGreat Britain$vDirectories.
=650  \0$aBoarding schools$zGreat Britain$vPeriodicals.
=859  \\$aELD$bejournal
=852  41$aBritish Library$bHMNTS$jELD Digital store$3(2020)-
=985  \\$aCatalogued via VPN, July 2020
=CAT  \\$a8124$b40$c20200715$lBLL01$h0858
=FIN  \\$aY$d20200715
=LET  \4$aThe directory of boarding schools (Electronic)
=LAS  \\$a8124$b40$c20200715$lBLL01$h0858

