=LDR  01792cas a2200457 i 4500
=001  019864824
=003  Uk
=005  20200803132625.0
=006  m\\\\\|\\d\|\\\\\\
=007  cr\|||||||||||
=008  200803c20149999enkqr\p\o\\\\o0\\\a0eng\\
=FMT  \\$a  SE
=015  \\$aGBC098234$2bnb
=040  \\$aUk$beng$cUk$erda
=042  \\$aukblsr
=082  04$a333.794150941$223
=245  00$aDomestic renewable heat incentive quarterly report update.
=246  1\$iMinor title change:$aDomestic renewable heat incentive quarterly report,$fissue 17-
=246  30$aDomestic renewable heat incentive
=264  \1$a[London] :$bOfgem
=300  \\$billustrations (colour), maps (colour)
=310  \\$aQuarterly
=336  \\$atext$2rdacontent
=337  \\$acomputer$2rdamedia
=338  \\$aonline resource$2rdacarrier
=362  0\$aIssue 1 (August 2014)-
=500  \\$aTitle from PDF caption (Ofgem Web site, viewed August 3, 2020).
=588  \\$aLatest issue consulted: issue 24 (19 May 2020), viewed August 3, 2020.
=650  \0$aRenewable energy sources$zGreat Britain$vPeriodicals.
=650  \0$aRenewable energy sources$zGreat Britain$vStatistics$vPeriodicals.
=650  \0$aRenewable energy sources$xGovernment policy$zGreat Britain$vPeriodicals.
=650  \0$aEnvironmental policy$zGreat Britain$vPeriodicals.
=710  1\$aGreat Britain.$bOffice of Gas and Electricity Markets,$eissuing body.
=859  \\$aELD$bejournal
=852  41$aBritish Library$bHMNTS$jELD Digital store$3Number 1(2014)-
=985  \\$aWFH record (ED).
=CAT  \\$a8483$b40$c20200803$lBLL01$h1325
=CAT  \\$a8483$b40$c20200803$lBLL01$h1326
=FIN  \\$aY$d20200803
=LET  \0$aDomestic renewable heat incentive quarterly report update (Electronic)
=LAS  \\$a8483$b40$c20200803$lBLL01$h1326

