=LDR  01444 as a2200397 i 4500
=001  019884950
=003  Uk
=005  20200817124238.0
=006  m\\\\\|\\d\|\\\\\\
=007  cr\|||||||||||
=008  200817d19882020enkqr\p\o\\\\\0\\\a0eng\\
=FMT  \\$a  SE
=040  \\$aUk$beng$cUk$erda
=042  \\$aukblsr
=082  04$a719.0941$223
=245  00$aLandscape research extra.
=264  \1$a[Moretonhampstead] :$bLandscape Research Group
=300  \\$billustrations (colour)
=310  \\$aQuarterly
=336  \\$atext$2rdacontent
=337  \\$acomputer$2rdamedia
=338  \\$aonline resource$2rdacarrier
=362  1\$aPrint began with number 1 (winter 1988).
=362  0\$a-90 (May 2020).
=588  \\$aLatest issue consulted: 90 (May 2020) = Final issue (Landscape Research Group website, viewed August 17, 2020).
=650  \0$aLandscapes$zGreat Britain$vPeriodicals.
=776  08$iAlso issued in print -2019 as:$tLandscape research extra
=859  \\$aELD$bejournal
=852  41$aBritish Library$bHMNTS$jELD Digital store$3Number 87(2019)-Number 90(2020)
=CAT  \\$a8483$b40$c20200817$lBLL01$h1238
=CAT  \\$a8483$b40$c20200817$lBLL01$h1240
=CAT  \\$a8483$b40$c20200817$lBLL01$h1242
=FIN  \\$aY$d20200817
=LET  \0$aLandscape research extra (Electronic)
=LKR  \\$aPAR$b011824467$lBLL01$r776$mLandscape research extra (Online)$nLandscape research extra (Print)
=LAS  \\$a8483$b40$c20200817$lBLL01$h1242

