=LDR  02009cas a2200457 i 4500
=001  019906538
=003  Uk
=005  20200911221002.0
=006  m\\\\\|\\d\|\\\\\\
=007  cr\|||||||||||
=008  200901c20209999wlkuu\\\o\s\\o0\\\a0eng\\
=FMT  \\$a  SE
=015  \\$aGBC0C9836$2bnb
=040  \\$aUk$beng$cUk$erda
=042  \\$aukblsr
=082  04$a362.40941$223
=245  00$aCoronavirus and the social impacts on disabled people in Great Britain.
=264  \1$a[Newport] :$bOffice for National Statistics,$c2020-
=300  \\$billustrations (colour)
=336  \\$atext$2rdacontent
=337  \\$acomputer$2rdamedia
=338  \\$aonline resource$2rdacarrier
=362  1\$aBegan with issue for 27 March/13 April 2020.
=515  \\$aFirst issue unnumbered. From second issue, designation by month and year only.
=500  \\$aAt head of title: Article.
=500  \\$aTitle from PDF caption (ons.gov.uk, viewed September 1, 2020).
=580  \\$aThe social impacts of the coronavirus pandemic on disabled people in Great Britain based on indicators from the Opinions and Lifestyle Survey.
=588  \\$aLatest issue consulted: July 2020 (viewed September 1, 2020).
=650  \0$aPeople with disabilities$zGreat Britain$xSocial conditions$vStatistics$vPeriodicals.
=650  \0$aCOVID-19 (Disease)$xSocial aspects$zGreat Britain$vStatistics$vPeriodicals.
=650  \0$aEpidemics$xSocial aspects$zGreat Britain$vStatistics$vPeriodicals.
=690  7\$aSocial Welfare$2blcoll
=710  1\$aGreat Britain.$bOffice for National Statistics,$eissuing body.
=859  \\$aELD$bejournal
=852  41$aBritish Library$bHMNTS$jELD Digital store$3(2020:Mar.)-(2020:Mar./2021:Dec.)
=985  \\$aCatalogued via VPN, September 2020
=CAT  \\$a8124$b40$c20200901$lBLL01$h1053
=CAT  \\$aBATCH-SWP$c20200911$lBLL01$h2210
=FIN  \\$aY$d20200901
=LET  \0$aCoronavirus and the social impacts on disabled people in Great Britain (Electronic)
=LAS  \\$aBATCH-SWP$b00$c20200911$lBLL01$h2210

