=LDR  01676cas a2200433 i 4500
=001  019935057
=003  Uk
=005  20200925213059.0
=006  m\\\\\|\\d\|\\\\\\
=007  cr\|||||||||||
=008  200914c20209999enkar\p\os\\\o0\\\a0eng\\
=FMT  \\$a  SE
=015  \\$aGBC0D7217$2bnb
=040  \\$aUk$beng$cUk$erda
=042  \\$aukblsr
=082  04$a331.1180941021$223
=245  00$aSubregional productivity in the UK.
=264  \1$a[Fareham] :$bOffice for National Statistics
=300  \\$billustrations (colour)
=310  \\$aAnnual
=336  \\$atext$2rdacontent
=337  \\$acomputer$2rdamedia
=338  \\$aonline resource$2rdacarrier
=362  0\$aFebruary 2020-
=500  \\$aTitle from PDF caption (ONS Web site, viewed September 14, 2020).
=500  \\$aAt head of title: Article.
=500  \\$a"Estimates for subregional labour productivity measured as gross value added (GVA) per hour worked and GVA per filled job".
=650  \0$aLabor productivity$zGreat Britain$vStatistics$vPeriodicals.
=690  7\$aManagement and Business Studies$2blcoll
=710  1\$aGreat Britain.$bOffice for National Statistics,$eissuing body.
=780  01$tRegional and sub-regional productivity in the UK
=859  \\$aELD$bejournal
=852  41$aBritish Library$bHMNTS$jELD Digital store$3(2020)-
=CAT  \\$a8483$b40$c20200914$lBLL01$h1044
=CAT  \\$aBATCH-MBS$c20200925$lBLL01$h2130
=FIN  \\$aY$d20200914
=LET  \0$aSubregional productivity in the UK (Electronic)
=LKR  \\$aPAR$b019279790$lBLL01$r78001$mSubregional productivity in the UK.$nRegional and sub-regional productivity in the UK.
=LAS  \\$aBATCH-MBS$b00$c20200925$lBLL01$h2130

