=LDR  01819cas a2200469 i 4500
=001  019941278
=003  Uk
=005  20200917142756.0
=006  m\\\\\|\\d\|\\\\\\
=007  cr\|||||||||||
=008  200917c20189999enkgr\p\o\\\\\0\\\a0eng\\
=FMT  \\$a  SE
=015  \\$aGBC0E0503$2bnb
=040  \\$aUk$beng$cUk$erda
=042  \\$aukblsr
=082  04$a362.180942$223
=245  00$aOverall patient experience scores.$pUrgent and emergency care survey update.
=246  30$aUrgent and emergency care survey update
=264  \1$a[Leeds] :$bNHS England
=300  \\$billustrations (colour)
=310  \\$aEvery two years
=336  \\$atext$2rdacontent
=337  \\$acomputer$2rdamedia
=338  \\$aonline resource$2rdacarrier
=362  0\$a2018-
=500  \\$aTitle from PDF cover (NHS England Web site, viewed September 17, 2020).
=650  \0$aEmergency medical services$zEngland$vStatistics$vPeriodicals.
=650  \0$aPatient satisfaction$zEngland$vStatistics$vPeriodicals.
=650  \0$aOrganizational effectiveness$zEngland$xEvaluation$vPeriodicals.
=650  \0$aMedical care surveys$zEngland$vPeriodicals.
=690  7\$aSocial Welfare$2blcoll
=710  2\$aNHS England,$eissuing body.
=780  00$tOverall patient experience scores. Emergency department survey update
=859  \\$aELD$bejournal
=852  41$aBritish Library$bHMNTS$jELD Digital store$3(2018)
=CAT  \\$a8483$b40$c20200917$lBLL01$h1420
=CAT  \\$a8483$b40$c20200917$lBLL01$h1423
=CAT  \\$a8483$b40$c20200917$lBLL01$h1427
=FIN  \\$aY$d20200917
=LET  \0$aOverall patient experience scores. Urgent and emergency care survey update (Electronic)
=LKR  \\$aPAR$b018759387$lBLL01$r78000$mOverall patient experience scores.$nOverall patient experience scores.
=LAS  \\$a8483$b40$c20200917$lBLL01$h1427

