=LDR  01947cas a2200541 i 4500
=001  019942361
=003  Uk
=005  20210716140427.0
=006  m\\\\\\\\d\|\\\\\\
=007  cr||||||||||||
=008  200918c20209999enkar\p\o\\\\\0\\\z0ben\\
=FMT  \\$a  SE
=015  \\$aGBC103015$2bnb
=022  0\$a2634-8683$202
=040  \\$aUk$beng$cUk$erda
=041  0\$aben$aeng
=042  \\$aukblsr$aissnuk
=082  04$a891.4405$223
=222  \0$aKrishno Chura shahityo potro$b(Online)
=245  00$aKrishno Chura shahityo potro =$bKrishno Chura literary magazine.
=246  31$aKrishno Chura literary magazine
=264  \1$aStockport :$bKrishno Chura,$c2020-
=300  \\$billustrations (black and white)
=310  \\$aAnnual
=336  \\$atext$2rdacontent
=337  \\$acomputer$2rdamedia
=338  \\$aonline resource$2rdacarrier
=362  0\$aYear 1 (1420 Bangla)- = 2020 CE-
=500  \\$aTitle from PDF cover.
=546  \\$aChiefly in Bengali with some English.
=650  \0$aBengali literature$vPeriodicals.
=650  \0$aMusic$zBengal$vPeriodicals.
=650  \0$aPerforming arts$zBengal$vPeriodicals.
=776  08$iAlso issued in print as:$tKrishno Chura shahityo potro$x2634-8675
=859  \\$aELD$bejournal
=852  41$aBritish Library$bHMNTS$jELD Digital store$3Year 1(2020)-
=985  \\$aViewed as supplied PDF only; No website found
=985  \\$aLink to print on 019942359 when issues received
=985  \\$aWFH record (CS) January 2021
=985  \\$aNo URL in ISSN record, ISSN record 'pushed' to Portal by ISSN IC. Proofreading 16.7.21, SB
=CAT  \\$a7152$b40$c20200918$lBLL01$h1311
=CAT  \\$a8124$b40$c20210120$lBLL01$h1133
=CAT  \\$a8124$b40$c20210128$lBLL01$h1135
=CAT  \\$a11315$b40$c20210713$lBLL01$h1657
=CAT  \\$a7152$b40$c20210716$lBLL01$h1404
=FIN  \\$aY$d20210120
=LET  \0$aKrishno Chura shahityo potro (Electronic)
=LAS  \\$a7152$b40$c20210716$lBLL01$h1404

