=LDR  01835cas a2200445 i 4500
=001  019951950
=003  Uk
=005  20201002214211.0
=006  m\\\\\|\\d\|\\\\\\
=007  cr\|||||||||||
=008  200924c20169999wlkuu\p\os\\\o0\\\a0eng\\
=FMT  \\$a  SE
=015  \\$aGBC0E4965$2bnb
=040  \\$aUk$beng$cUk$erda
=042  \\$aukblsr
=082  04$a382.45000941$223
=245  00$aUK services trade by business characteristics.
=246  3\$aUnited Kingdom services trade by business characteristics
=264  \1$a[Newport] :$bOffice for National Statistics
=300  \\$billustrations (colour)
=336  \\$atext$2rdacontent
=337  \\$acomputer$2rdamedia
=338  \\$aonline resource$2rdacarrier
=362  0\$a2016/2018-
=490  1\$aStatistical bulletin
=500  \\$aTitle from PDF table of contents page (ONS, viewed Septemer 24, 2020).
=520  \\$a"Breakdown of UK trade in services by business characteristics (size and ownership), industry and region, on a balance of payments basis using a new experimental dataset". - Table of contents page.
=650  \0$aService industries$zGreat Britain$vStatistics$vPeriodicals.
=650  \0$aInternational trade$vStatistics$vPeriodicals.
=651  \0$aGreat Britain$xCommerce$vStatistics$vPeriodicals.
=690  7\$aManagement and Business Studies$2blcoll
=710  1\$aGreat Britain.$bOffice for National Statistics,$eissuing body.
=830  \0$aStatistical bulletin (Great Britain. Office for National Statistics)
=859  \\$aELD$bejournal
=852  41$aBritish Library$bHMNTS$jELD Digital store$3(2016/2018)
=CAT  \\$a8483$b40$c20200924$lBLL01$h1032
=CAT  \\$aBATCH-MBS$c20201002$lBLL01$h2142
=FIN  \\$aY$d20200924
=LET  \0$aUK services trade by business characteristics (Electronic)
=LAS  \\$aBATCH-MBS$b00$c20201002$lBLL01$h2142

