=LDR  01673cas a2200409 i 4500
=001  019956949
=003  Uk
=005  20200928130342.0
=006  m\\\\\|\\d\|\\\\\\
=007  cr\|||||||||||
=008  200928c19uu9999enkbr\p\o\\\\\0\\\a0eng\\
=FMT  \\$a  SE
=040  \\$aUk$beng$cUk$erda
=042  \\$aukblsr
=082  04$a283.42584$223
=245  04$aThe All Saints newsletter /$cAll Saints Church Berkhamsted, an Anglican Methodist Local Ecumenical Partnership.
=264  \1$aBerkhamsted :$bAll Saints' Church
=300  \\$billustrations (colour)
=310  \\$aBimonthly
=336  \\$atext$2rdacontent
=337  \\$acomputer$2rdamedia
=338  \\$aonline resource$2rdacarrier
=588  \\$aDescription based on print version record.
=588  \\$aLatest issue consulted: June/July/August/September 2020 issue (All Satints Church website, viewed September 28, 2020).
=610  20$aAll Saints' Church (Berkhamsted, England)$vPeriodicals.
=650  \0$aChristian life$zEngland$zBerkhamsted$vPeriodicals.
=651  \0$aBerkhamsted (England)$xReligious life and customs$vPeriodicals.
=710  2\$aAll Saints' Church (Berkhamsted, England),$eissuing body.
=776  08$iAlso issued in print as:$tAll Saints newsletter
=859  \\$aELD$bejournal
=852  41$aBritish Library$bHMNTS$jELD Digital store$3Issue 248(2020:Jun./Sep.)-
=CAT  \\$a8483$b40$c20200928$lBLL01$h1257
=CAT  \\$a8483$b40$c20200928$lBLL01$h1303
=FIN  \\$aY$d20200928
=LET  \4$aThe All Saints newsletter (Electronic)
=LKR  \\$aPAR$b017431883$lBLL01$r776$mThe All Saints newsletter (Online)$nThe All Saints newsletter (Print)
=LAS  \\$a8483$b40$c20200928$lBLL01$h1303

