=LDR  01506cas a2200409 i 4500
=001  019957053
=003  Uk
=005  20201009224103.0
=006  m\\\\\|\\d\|\\\\\\
=007  cr\|||||||||||
=008  200928c20209999wlkuu\p\os\\\o0\\\a0eng\\
=FMT  \\$a  SE
=015  \\$aGBC0E5529$2bnb
=040  \\$aUk$beng$cUk$erda
=042  \\$aukblsr
=082  04$a304.64094021$223
=245  00$aComparisons of all-cause mortality between European countries and regions.
=264  \1$a[Newport] :$bOffice for National Statistics
=300  \\$billustrations (colour)
=336  \\$atext$2rdacontent
=337  \\$acomputer$2rdamedia
=338  \\$aonline resource$2rdacarrier
=362  0\$aJanuary to June 2020-
=500  \\$aTitle from PDF title page (ONS Web site, viewed September 28, 2020).
=500  \\$aAt head of title: Article.
=500  \\$aAccompanied online by statistical spreadsheets.
=650  \0$aMortality$zEurope$vStatistics$vPeriodicals.
=650  \0$aDeath$zEurope$xCauses$vStatistics$vPeriodicals.
=690  7\$aSocial Welfare$2blcoll
=710  1\$aGreat Britain.$bOffice for National Statistics,$eissuing body.
=859  \\$aELD$bejournal
=852  41$aBritish Library$bHMNTS$jELD Digital store$3(2020:Jan./Jun.)-
=CAT  \\$a8483$b40$c20200928$lBLL01$h1454
=CAT  \\$aBATCH-SWP$c20201009$lBLL01$h2241
=FIN  \\$aY$d20200928
=LET  \0$aComparisons of all-cause mortality between European countries and regions (Electronic)
=LAS  \\$aBATCH-SWP$b00$c20201009$lBLL01$h2241

