=LDR  00835cas a22002655i 4500
=001  019962515
=003  Uk
=005  20221007145823.0
=006  m\\\\\|\\d\|\\\\\\
=007  cr\|||||||||||
=008  200930c\\\\9999\\\\\\p\o\\\\\0\\\a0eng\\
=FMT  \\$a  SE
=037  \\$a???$bPortico$nUniversity of Huddersfield Press
=245  00$aAdvances in chemical engineering
=264  \1$bUniversity of Huddersfield Press
=336  \\$atext$2rdacontent
=337  \\$acomputer$2rdamedia
=338  \\$aonline resource$2rdacarrier
=859  \\$aELD$bejournal
=852  41$aBritish Library$bHMNTS$jELD Digital store
=985  \\$aELD accessioning record awaiting upgrade
=CAT  \\$a9667$b40$c20200930$lBLL01$h1129
=CAT  \\$a10983$b40$c20220917$lBLL01$h1002
=CAT  \\$a6811$b40$c20221007$lBLL01$h1458
=LAS  \\$a6811$b40$c20221007$lBLL01$h1458

