=LDR  00844cas a22002655i 4500
=001  019967003
=003  Uk
=005  20201002122611.0
=006  m\\\\\|\\d\|\\\\\\
=007  cr\|||||||||||
=008  201002c\\\\9999\\\\\\p\o\\\\\0\\\a0eng\\
=FMT  \\$a  SE
=022  \\$a0972-8600
=037  \\$aISSN_09728600_21$bPortico$nTaylor & Francis
=245  00$aAKCE International Journal of Graphs and Combinatorics
=264  \1$bTaylor & Francis
=336  \\$atext$2rdacontent
=337  \\$acomputer$2rdamedia
=338  \\$aonline resource$2rdacarrier
=859  \\$aELD$bejournal
=852  41$aBritish Library$bHMNTS$jELD Digital store$3Volume 13:Issue 1(2016)-
=985  \\$aELD accessioning record awaiting upgrade
=CAT  \\$a15020$b40$c20201002$lBLL01$h1220
=CAT  \\$a15020$b40$c20201002$lBLL01$h1226
=LAS  \\$a15020$b40$c20201002$lBLL01$h1226

