=LDR  00801 as a22002775i 4500
=001  020204433
=003  Uk
=005  20210526113811.0
=006  m\\\\\|\\d\|\\\\\\
=007  cr\|||||||||||
=008  210526c\\\\9999\\\\\\p\o\\\\\0\\\a0eng\\
=FMT  \\$a  SE
=022  \\$a1687-6717
=037  \\$aISSN_16876709$bPortico$nHindawi
=245  00$aResearch letters in biochemistry
=264  \1$bHindawi
=336  \\$atext$2rdacontent
=337  \\$acomputer$2rdamedia
=338  \\$aonline resource$2rdacarrier
=859  \\$aELD$bejournal
=852  41$aBritish Library$bHMNTS$jELD Digital store
=985  \\$aELD accessioning record awaiting upgrade
=CAT  \\$a15190$b40$c20210526$lBLL01$h1137
=CAT  \\$a15190$b40$c20210526$lBLL01$h1138
=MNI  \\$a1687-6709
=LAS  \\$a15190$b40$c20210526$lBLL01$h1138

