=LDR  01992cas a2200469 i 4500
=001  020223257
=003  Uk
=005  20210625211413.0
=006  m\\\\\|\\d\|\\\\\\
=007  cr\|||||||||||
=008  210614c20179999enkar\\\o\\\\o0\\\a0eng\\
=FMT  \\$a  SE
=015  \\$aGBC197317$2bnb
=040  \\$aUk$beng$cUk$erda
=042  \\$aukblsr$aukblsr
=082  04$a338.5$223
=110  1\$aGreat Britain.$bDepartment for Business, Energy & Industrial Strategy,$eauthor.
=245  10$aBetter regulation :$bGovernment's annual report /$cDepartment for Business, Energy & Industrial Strategy.
=264  \1$a[London] :$bDepartment for Business, Energy & Industrial Strategy,$c2018-
=310  \\$aAnnual
=336  \\$atext$2rdacontent
=337  \\$acomputer$2rdamedia
=338  \\$aonline resource$2rdacarrier
=362  0\$a2017/18-
=500  \\$aTitle from PDF title page (publisher's Web site, viewed June 16, 2021).
=588  \\$aLatest issue consulted: 2019/20 (viewed June 16, 2021).
=588  \\$a2017/18-2018/19 issues are published in the HC paper series and catalogued as monographs in BL.$5Uk
=650  \0$aBusiness$xLaw and legislation$xCompliance costs$zGreat Britain$vPeriodicals.
=650  \0$aIndustrial policy$zGreat Britain$vPeriodicals.
=650  \0$aAdministrative procedure$xEconomic aspects$zGreat Britain$vPeriodicals.
=650  \0$aEnergy policy$zGreat Britain$vPeriodicals.
=651  \0$aGreat Britain$xCommercial policy$vPeriodicals.
=690  7\$aManagement and Business Studies$2blcoll
=859  \\$aELD$bejournal
=852  41$aBritish Library$bHMNTS$jELD Digital store$3(2019/2020)-
=CAT  \\$a3072$b40$c20210614$lBLL01$h1746
=CAT  \\$a3072$b40$c20210616$lBLL01$h1511
=CAT  \\$a3072$b40$c20210617$lBLL01$h1126
=CAT  \\$aBATCH-MBS$c20210625$lBLL01$h2114
=FIN  \\$aY$d20210617
=LET  \0$aBetter regulation - Department for Business, Energy & Industrial Strategy (Electronic)
=LAS  \\$aBATCH-MBS$b00$c20210625$lBLL01$h2114

