=LDR  01692cas a2200469 i 4500
=001  020270506
=003  Uk
=005  20230606113711.0
=007  cr\|||||||||||
=008  210726d20202023enkmr\p\\\\\\\0\\\a0eng\\
=FMT  \\$a  SE
=015  \\$aGBC1B6596$2bnb
=040  \\$aUk$beng$cUk$dUk$erda
=042  \\$aukblsr
=082  04$a770$223
=245  00$aDI news.
=246  1\$iWebsite list title:$aRPS digital imaging news
=246  3\$aDigital imaging news
=264  \1$a[Bristol] :$bThe Royal Photographic Society
=300  \\$billustrations (black and white, and colour)
=310  \\$aMonthly
=336  \\$atext$2rdacontent
=337  \\$acomputer$2rdamedia
=338  \\$aonline resource$2rdacarrier
=362  0\$aNovember 2020-March 2023.
=500  \\$aTitle from PDF cover (issuu.com website, viewed July 26, 2021).
=588  \\$aLatest issue consulted: March 2023 (RPS website, viewed June 6, 2023).
=610  20$aRoyal Photographic Society of Great Britain.$bDigital Imaging Group$vPeriodicals.
=650  \0$aPhotography$xDigital techniques$vPeriodicals.
=710  2\$aRoyal Photographic Society of Great Britain.$bDigital Imaging Group,$eissuing body.
=780  00$tDIG news
=785  00$tDI online
=859  \\$aELD$bejournal
=852  41$aBritish Library$bHMNTS$jELD Digital store$3(2020:Nov.)-(2023:Mar.)
=CAT  \\$a8483$b40$c20210726$lBLL01$h1451
=CAT  \\$a8483$b40$c20210726$lBLL01$h1452
=CAT  \\$a8871$b40$c20210804$lBLL01$h1210
=CAT  \\$a8124$b40$c20230606$lBLL01$h1137
=FIN  \\$aY$d20210726
=LET  \0$aDI news (Electronic)
=LKR  \\$aPAR$b020270501$lBLL01$r78000$mDI news.$nDIG news.
=LAS  \\$a8124$b40$c20230606$lBLL01$h1137

