=LDR  02201cas a2200493 i 4500
=001  020271040
=003  Uk
=005  20210727160022.0
=006  m\\\\\|\\d\|\\\\\\
=007  cr\|||||||||||
=008  210727c20189999enkar\\\o\\\\\0\\\a0eng\\
=FMT  \\$a  SE
=015  \\$aGBC1B6725$2bnb
=040  \\$aUk$beng$cUk$erda
=042  \\$aukblsr
=082  04$a353.78$223
=110  20$aPeak District National Park Authority,$eauthor.
=245  10$aHow are we doing? :$bour achievements in ... /$cPeak District National Park.
=264  \1$aBakewell :$bPeak District National Park Authority
=300  \\$billustrations (colour), maps (colour)
=310  \\$aAnnual
=336  \\$atext$2rdacontent
=337  \\$acomputer$2rdamedia
=338  \\$aonline resource$2rdacarrier
=362  0\$a2018/19-
=500  \\$aSubtitle varies.
=500  \\$aTitle from PDF cover (publisher's website, viewed July 27, 2021).
=580  \\$aIssue for 2018/2019, originally published with the title: Performance and business plan, has been reformatted and issued under the later title: How are we doing?
=588  \\$aLatest issue consulted: our achievements in 2019/2020 and our ambitions for 2020/2021 (viewed July 27, 2021).
=610  20$aPeak District National Park Authority$vPeriodicals.
=610  20$aPeak District National Park Authority$vStatistics$vPeriodicals.
=610  20$aPeak District National Park Authority$xFinance$vPeriodicals.
=651  \0$aPeak District National Park (England)$vPeriodicals.
=690  7\$aManagement and Business Studies$2blcoll
=780  10$aPeak District National Park Authority.$tPerformance and business plan
=859  \\$aELD$bejournal
=852  41$aBritish Library$bHMNTS$jELD Digital store$3(2018/2019)-
=985  \\$aWFH record (CS) 2021
=CAT  \\$a8124$b40$c20210727$lBLL01$h1553
=CAT  \\$a8124$b40$c20210727$lBLL01$h1600
=FIN  \\$aY$d20210727
=LET  \0$aHow are we doing? Performance and business plan - Peak District National Park (Electronic)
=LKR  \\$aPAR$b019817159$lBLL01$r78000$mHow are we doing? /Peak District National Park$nPerformance and business plan / Peak District National Park
=LAS  \\$a8124$b40$c20210727$lBLL01$h1600

