=LDR  01563cas a2200409 i 4500
=001  020279076
=003  Uk
=005  20210803120959.0
=006  m\\\\\|\\d\|\\\\\\
=007  cr\|||||||||||
=008  210803c20219999wlk\u\\\o\s\\o0\\\a0eng\\
=FMT  \\$a  SE
=015  \\$aGBC1C4075$2bnb
=040  \\$aUk$beng$cUk$erda
=042  \\$aukblsr
=082  04$a333.920941$223
=245  00$aWind energy in the UK.
=264  \1$a[Newport] :$bOffice for National Statistics,$c2021-
=336  \\$atext$2rdacontent
=337  \\$acomputer$2rdamedia
=338  \\$aonline resource$2rdacarrier
=362  0\$aJune 2021-
=500  \\$aAt head of title: Article.
=500  \\$aTitle from pdf caption (ons.gov.uk, viewed August 3, 2021).
=500  \\$aExploring the wind energy industry in the UK, including energy generation, turnover and employment. Includes data from the Office for National Statistics and other official sources.
=650  \0$aWind power$zGreat Britain$vPeriodicals.
=650  \0$aWind power$zGreat Britain$vStatistics$vPeriodicals.
=650  \0$aWind power industry$zGreat Britain$vPeriodicals.
=650  \0$aWind power industry$zGreat Britain$vStatistics$vPeriodicals.
=710  1\$aGreat Britain.$bOffice for National Statistics,$eissuing body.
=859  \\$aELD$bejournal
=852  41$aBritish Library$bHMNTS$jELD Digital store$3(2021:Jun.)
=985  \\$aWFH record (CS) 2021
=CAT  \\$a8124$b40$c20210803$lBLL01$h1209
=FIN  \\$aY$d20210803
=LET  \0$aWind energy in the UK (Electronic)
=LAS  \\$a8124$b40$c20210803$lBLL01$h1209

