=LDR  01935cas a2200493 i 4500
=001  020279206
=003  Uk
=005  20220728143212.0
=006  m\\\\\|\\d\|\\\\\\
=007  cr\|||||||||||
=008  210803c20199999paubr\p\o\\\\\0\\\a0eng\\
=FMT  \\$a  SE
=022  0\$a2640-8074
=037  \\$aISSN_26408066_21$bPortico$nTaylor & Francis
=040  \\$aUk$beng$cUk$erda
=042  \\$aukblsr
=082  04$a361.3205$223
=130  0\$aJournal of evidence-based social work (2019)
=222  \0$aJournal of evidence-based social work$b(2019. Online)
=245  10$aJournal of evidence-based social work.
=264  \1$a[Philadelphia] :$bRoutledge, Taylor & Francis Group,$c2019-
=310  \\$aBimonthly
=336  \\$atext$2rdacontent
=337  \\$acomputer$2rdamedia
=338  \\$aonline resource$2rdacarrier
=362  0\$aVolume 16, issue 1 (2019)-
=500  \\$aTitle from PDF header (tandfonline, viewed August 3, 2021).
=588  \\$aLatest issue consulted: volume 18, issue 4 (2021) (viewed August 3, 2021).
=650  \0$aHuman services$vPeriodicals.
=650  \0$aEvidence-based social work$vPeriodicals.
=690  7\$aSocial Welfare$2blcoll
=776  08$iAlso issued in print as:$tJournal of evidence-based social work (2019)$x2640-8066
=780  00$tJournal of evidence-informed social work$x2376-1415
=859  \\$aELD$bejournal
=852  41$aBritish Library$bHMNTS$jELD Digital store$3Volume 16:Issue 1(2019)-
=985  \\$aWFH record (CS) 2021
=CAT  \\$a8124$b40$c20210803$lBLL01$h1653
=CAT  \\$a8124$b40$c20210803$lBLL01$h1654
=CAT  \\$a15190$b40$c20220728$lBLL01$h1432
=FIN  \\$aY$d20210803
=LET  \0$aJournal of evidence-based social work, 2019- (Electronic)
=LKR  \\$aPAR$b017113891$lBLL01$r7800$mJournal of evidence-based social work (2019) (Online)$nJournal of evidence-informed social work (Online)
=MNI  \\$a2640-8066
=LAS  \\$a15190$b40$c20220728$lBLL01$h1432

