=LDR  01794cas a2200433 i 4500
=001  020295920
=003  Uk
=005  20230830081758.0
=007  cr\|||||||||||
=008  210816d200u2019enkar\p\\\\\\\0\\\a0eng\\
=FMT  \\$a  SE
=015  \\$aGBC1D4192$2bnb
=040  \\$aUk$beng$cUk$dUk$erda
=042  \\$aukblsr
=082  04$a362.206042$223
=110  2\$aAdvance (Organisation),$eauthor.
=245  10$aFinancial statements and review of the year.
=264  \1$aWitney :$bAdvance Housing & Support,$c-2019.
=310  \\$aAnnual
=336  \\$atext$2rdacontent
=337  \\$acomputer$2rdamedia
=338  \\$aonline resource$2rdacarrier
=362  0\$a-2018/2019.
=588  \\$aDescription based on print version record.
=588  \\$aLatest issue consulted: for the year ended 2018/2019 (Advance website, viewed August 30, 2023).
=610  20$aAdvance (Organisation)$xFinance$vPeriodicals.
=690  7\$aSocial Welfare$2blcoll
=776  08$iAlso issued in print -2014 as:$aAdvance (Organisation).$tFinancial statements and review of the year
=785  00$aAdvance (Organisation).$tReport and financial statements
=859  \\$aELD$bejournal
=852  41$aBritish Library$bHMNTS$jELD Digital store$3(2016/2017)-
=985  \\$aAC: suggest addition of variant to 110 heading for "Advance Housing & Support Ltd" (ED).
=CAT  \\$a8483$b40$c20210816$lBLL01$h1120
=CAT  \\$aBATCH-SWP$c20210820$lBLL01$h2208
=CAT  \\$a8124$b40$c20230830$lBLL01$h0817
=FIN  \\$aY$d20210816
=LET  \0$aFinancial statements and review of the year - Advance Housing & Support Ltd (Electronic)
=LKR  \\$aPAR$b015613643$lBLL01$r776$mFinancial statements and review of the year (Online)$nFinancial statements and review of the year (Print)
=LAS  \\$a8124$b40$c20230830$lBLL01$h0817

