=LDR  01772cas a2200469 i 4500
=001  020301753
=003  Uk
=005  20210818152631.0
=006  m\\\\\|\\d\|\\\\\\
=007  cr\|||||||||||
=008  210818c20179999enkar\\\o\\\\\0\\\a0eng\\
=FMT  \\$a  SE
=015  \\$aGBC1D8673$2bnb
=040  \\$aUk$beng$cUk$erda
=042  \\$aukblsr
=082  04$a570.5$223
=110  2\$aUniversity of Southampton.$bInstitute for Life Sciences,$eauthor.
=245  10$aAdvancing life sciences /$cUniversity of Southampton. Institute for Life Sciences.
=246  13$aAnnual report,$f2017
=264  \1$aSouthampton :$bUniversity of Southampton. Institute for Life Sciences,$c2017-
=300  \\$billustrations (colour)
=310  \\$aAnnual
=336  \\$atext$2rdacontent
=337  \\$acomputer$2rdamedia
=338  \\$aonline resource$2rdacarrier
=362  0\$aNovember 2017-
=500  \\$aTitle from PDF cover (publisher's website, viewed August 18, 2021).
=588  \\$aLatest issue consulted: 2021 (viewed August 18, 2021).
=610  20$aUniversity of Southampton.$bInstitute for Life Sciences$vPeriodicals.
=650  \0$aLife sciences$vPeriodicals.
=650  \0$aLife sciences$xResearch$vPeriodicals.
=780  00$aUniversity of Southampton. Institute for Life Sciences.$tAnnual report
=859  \\$aELD$bejournal
=852  41$aBritish Library$bHMNTS$jELD Digital store$3(2017)-
=985  \\$aWFH record (CS) 2021
=CAT  \\$a8124$b40$c20210818$lBLL01$h1523
=CAT  \\$a8124$b40$c20210818$lBLL01$h1525
=CAT  \\$a8124$b40$c20210818$lBLL01$h1526
=FIN  \\$aY$d20210818
=LET  \0$aAdvancing life sciences (Electronic)
=LKR  \\$aPAR$b020301752$lBLL01$r78000$nAnnual report$mAdvancing life sciences
=LAS  \\$a8124$b40$c20210818$lBLL01$h1526

