=LDR  01525cas a2200397 i 4500
=001  020308788
=003  Uk
=005  20210825124445.0
=006  m\\\\\|\\d\|\\\\\\
=007  cr\|||||||||||
=008  210825c19uu9999enkar\\\o\\\\\0\\\a0eng\\
=FMT  \\$a  SE
=040  \\$aUk$beng$cUk$erda
=042  \\$aukblsr
=082  04$a361.06094212$223
=110  2\$aWestminster Citizens Advice Bureau,$eauthor.
=245  10$aAnnual report /$cCitizens advice Westminster.
=264  \1$aLondon :$bWestminster Citizens Advice Bureau Service
=300  \\$billustrations (black and white, and colour)
=310  \\$aAnnual
=336  \\$atext$2rdacontent
=337  \\$acomputer$2rdamedia
=338  \\$aonline resource$2rdacarrier
=588  \\$aDescription based on: 2015/2016 issue ; title from PDF cover (publisher's website, viewed August 25, 2021).
=588  \\$aLatest issue consulted: 2019/2020 (viewed August 25, 2021).
=610  20$aWestminster Citizens Advice Bureau$vPeriodicals.
=690  7\$aSocial Welfare$2blcoll
=776  08$iPrint version -2018/2019 :$aWestminster Citizens Advice Bureau.$tAnnual report
=859  \\$aELD$bejournal
=852  41$aBritish Library$bHMNTS$jELD Digital store$3(2019/2020)-
=985  \\$aWFH record (CS) 2021
=CAT  \\$a8124$b40$c20210825$lBLL01$h1244
=FIN  \\$aY$d20210825
=LET  \0$aAnnual report - Citizens advice Westminster (Electronic)
=LKR  \\$aPAR$b016224081$lBLL01$r776$mAnnual report (Online)$nAnnual report (Print)
=LAS  \\$a8124$b40$c20210825$lBLL01$h1244

