=LDR  01717cas a2200409 i 4500
=001  020308892
=003  Uk
=005  20210826110912.0
=006  m\\\\\|\\d\|\\\\\\
=007  cr\|||||||||||
=008  210825c201u9999enkar\\\o\\\\o0\\\a0eng\\
=FMT  \\$a  SE
=015  \\$aGBC1E3235$2bnb
=040  \\$aUk$beng$cUk$erda
=042  \\$aukblsr
=082  04$a797.2106042$223
=110  2\$aSwim England,$eauthor.
=245  10$aAnnual report and financial statements :$bfor the year ended 31 December ... /$cThe Amateur Swimming Association (Swim England) Limited.
=264  \1$aLoughborough :$bAmateur Swimming Association
=336  \\$atext$2rdacontent
=337  \\$acomputer$2rdamedia
=338  \\$aonline resource$2rdacarrier
=588  \\$aDescription based on: 2018 issue; title from PDF first page (publisher's Web site, viewed August 25, 2021).
=588  \\$aLatest issue consulted: 2020 (viewed August 25, 2021).
=610  20$aAmateur Swimming Association$vPeriodicals.
=610  20$aAmateur Swimming Association$xFinance$vPeriodicals.
=787  0\$aSwim England.$tYear in review
=859  \\$aELD$bejournal
=852  41$aBritish Library$bHMNTS$jELD Digital store$3(2018)-
=CAT  \\$a3072$b40$c20210825$lBLL01$h1646
=CAT  \\$a3072$b40$c20210825$lBLL01$h1701
=CAT  \\$a3072$b40$c20210825$lBLL01$h1722
=CAT  \\$a3072$b40$c20210826$lBLL01$h1109
=FIN  \\$aY$d20210826
=LET  \0$aAnnual report and financial statements - Swim England (Electronic)
=LKR  \\$aPAR$b020308882$lBLL01$r787$mAnnual report and financial statements : for the year ended 31 December ... /$nYear in revew: the annual report of the Amateur Swimming Association.
=LAS  \\$a3072$b40$c20210826$lBLL01$h1109

