=LDR  01201cas a22003378i 4500
=001  020314581
=003  Uk
=005  20220820104720.0
=006  m\\\\\\\\d\|\\\\\\
=007  cr||||||||||||
=008  210901c20229999enkqr\p\o\\\\\0\\\a0eng\\
=FMT  \\$a  SE
=022  0\$a2753-1554$202
=037  \\$a???$bInderscience
=040  \\$aUk$beng$cUk$erda
=222  \0$aInternational journal of education, arts and social issues in Africa$b(Online)
=245  00$aInternational journal of education, arts and social issues in Africa.
=263  \\$a202208
=264  \1$aOlney :$bInderscience Enterprises Limited
=310  \\$aQuarterly
=336  \\$atext$2rdacontent
=337  \\$acomputer$2rdamedia
=338  \\$aonline resource$2rdacarrier
=776  08$iAlso issued in print as:$tInternational journal of education, arts and social issues in Africa$x2753-1546
=859  \\$aELD$bejournal
=852  41$aBritish Library$bHMNTS$jELD Digital store
=CAT  \\$a7152$b40$c20210901$lBLL01$h1847
=CAT  \\$a10983$b40$c20220820$lBLL01$h1047
=LET  \0$aInternational journal of education, arts and social issues in Africa (Electronic)
=MNI  \\$a2753-1546
=LAS  \\$a10983$b40$c20220820$lBLL01$h1047

