=LDR  01915cas a2200457 i 4500
=001  020324478
=003  Uk
=005  20210917221138.0
=006  m\\\\\|\\d\|\\\\\\
=007  cr\|||||||||||
=008  210909c2uuu9999enkar\\\o\\\\o0\\\a0eng\\
=FMT  \\$a  SE
=040  \\$aUk$beng$cUk$erda
=042  \\$aukblsr
=082  04$a368.400941$223
=245  00$aBenefit and pension rates.
=264  \1$a[London] :$bDepartment for Work and Pensions
=310  \\$aAnnual
=336  \\$atext$2rdacontent
=337  \\$acomputer$2rdamedia
=338  \\$aonline resource$2rdacarrier
=588  \\$aEarlier issues (i.e. 2015/2016 online issue and various print issues) catalogued as monographs in BL.$5Uk
=588  \\$aDescription based on: 2019/2020 issue; title from (publisher's Web site, viewed September 9, 2021).
=588  \\$aLatest issue consulted: 2021/2022 (viewed September 9, 2021).
=650  \0$aPensions$zGreat Britain$vStatistics$vPeriodicals.
=650  \0$aSocial security$zGreat Britain$vStatistics$vPeriodicals.
=690  7\$aManagement and Business Studies$2blcoll
=690  7\$aSocial Welfare$2blcoll
=710  1\$aGreat Britain.$bDepartment for Work and Pensions,$eissuing body.
=787  0\$aProposed benefit and pension rates
=859  \\$aELD$bejournal
=852  41$aBritish Library$bHMNTS$jELD Digital store$32019/2020
=985  \\$aC/T query re. 015741724, but running in parallel as there are 2019/2020 issues for both; possibly just stopped issuing 015741724.
=CAT  \\$a3072$b40$c20210909$lBLL01$h1444
=CAT  \\$a3072$b40$c20210909$lBLL01$h1633
=CAT  \\$aBATCH-MBS$c20210917$lBLL01$h2144
=CAT  \\$aBATCH-SWP$c20210917$lBLL01$h2211
=FIN  \\$aY$d20210909
=LET  \0$aBenefit and pension rates (Electronic)
=LKR  \\$aPAR$b019547395$lBLL01$r787$mBenefit and pension rates.$nProposed benefit and pension rates.
=LAS  \\$aBATCH-SWP$b00$c20210917$lBLL01$h2211

