=LDR  01789cas a22004695i 4500
=001  020324756
=003  Uk
=005  20230630155208.0
=006  m\\\\\|\\d\|\\\\\\
=007  cr\|||||||||||
=008  210911c\\\\9999\\\\\\p\o\\\\\0\\\a0eng\\
=FMT  \\$a  SE
=022  \\$a2326-2222
=037  \\$aISSN_01937758$bPortico$nWiley
=245  00$aIRB, ethics & human research
=264  \1$bWiley
=336  \\$atext$2rdacontent
=337  \\$acomputer$2rdamedia
=338  \\$aonline resource$2rdacarrier
=540  \\$aCurrent Copyright Fee: GBP0.96$c0$5Uk
=859  \\$aELD$bejournal
=852  41$aBritish Library$bHMNTS$jELD Digital store$3Volume 40:Issue 1(2018)-Volume 40:Issue 6(2018)
=945  \\$aIRB.
=979  \\$aBritish Library$bDSC$j4567.631000
=985  \\$aELD accessioning record awaiting upgrade
=CAT  \\$a10983$b40$c20210911$lBLL01$h1038
=CAT  \\$a8055$b40$c20211011$lBLL01$h1255
=CAT  \\$aBATCH-CLA$b00$c20211222$lBLL01$h1605
=CAT  \\$aIPL-CLA$c20211231$lBLL01$h1547
=CAT  \\$aBATCH-CLA$b00$c20220927$lBLL01$h1148
=CAT  \\$aIPL-CLA$c20220930$lBLL01$h1430
=CAT  \\$aBATCH-CLA$b00$c20230329$lBLL01$h1622
=CAT  \\$aIPL-CLA$c20230331$lBLL01$h1547
=CAT  \\$aBATCH-CLA$b00$c20230622$lBLL01$h1231
=CAT  \\$aIPL-CLA$c20230630$lBLL01$h1552
=CFI  0\$aCurrent Copyright Fee: GBP0.96$c0$e01-jul-2023$fGBP0.96$g0$hC$5Uk
=CFI  2\$aPrevious Copyright Fee: GBP0.12$c0$e01-apr-2023$fGBP0.12$g0$hC$5Uk
=MNI  \\$a0193-7758
=ACF  \\$aPrevious Copyright Fee: GBP0.00$c0$e11-oct-2021$fGBP0.00$g0$hC$5Uk
=ACF  \\$aPrevious Copyright Fee: GBP0.88$c0$e01-jan-2022$fGBP0.88$g0$hC$5Uk
=ACF  \\$aBritish Library not licensed to copy$c0$e01-oct-2022$hC$iCFP Excluded$5Uk
=LAS  \\$aIPL-CLA$b00$c20230630$lBLL01$h1552

