=LDR  01781cas a2200433 i 4500
=001  020325727
=003  Uk
=005  20211005141900.0
=006  m\\\\\|\\d\|\\\\\\
=007  cr\|||||||||||
=008  210914c20uu9999enkar\\\o\\\\\0\\\a0eng\\
=FMT  \\$a  SE
=040  \\$aUk$beng$cUk$dUk$erda
=042  \\$aukblsr
=082  04$a382.0941043$223
=110  20$aDeutsch-Britische Industrie- und Handelskammer.
=245  10$aAnnual report /$cGerman-British Chamber of Industry & Commerce = Deutsch-Britische Industrie- und Handelskammer.
=264  \1$aLondon :$bDeutsch-Britische Industrie- und Handelskammer
=300  \\$billustrations (colour)
=310  \\$aAnnual
=336  \\$atext$2rdacontent
=337  \\$acomputer$2rdamedia
=338  \\$aonline resource$2rdacarrier
=588  \\$aDescription based on: 2019 issue; title from PDF cover.
=588  \\$aLatest issue consulted: 2020.
=610  20$aDeutsch-Britische Industrie- und Handelskammer$vDirectories.
=610  20$aDeutsch-Britische Industrie- und Handelskammer$xFinance$vPeriodicals.
=690  7\$aManagement and Business Studies$2blcoll
=776  08$iPrint version -2018:$aDeutsch-Britische Industrie- und Handelskammer.$tAnnual report
=859  \\$aELD$bejournal
=852  41$aBritish Library$bHMNTS$jELD Digital store$3(2019)-
=985  \\$aIssues viewed as supplied PDF only
=985  \\$aWFH record (CS) 2021
=CAT  \\$a8124$b40$c20210914$lBLL01$h1237
=CAT  \\$a8124$b40$c20211005$lBLL01$h1419
=FIN  \\$aY$d20210914
=LET  \0$aAnnual report / German-British Chamber of Industry & Commerce = Deutsch-Britische Industrie- und Handelskammer (Electronic)
=LKR  \\$aPAR$b016116191$lBLL01$r776$mAnnual report (Online)$nAnnual report (Print)
=LAS  \\$a8124$b40$c20211005$lBLL01$h1419

