=LDR  01959cas a2200493 i 4500
=001  020329029
=003  Uk
=005  20210915102954.0
=006  m\\\\\|\\d\|\\\\\\
=007  cr\|||||||||||
=008  210915c19uu9999enkqr\p\o\\\\\0\\\a0eng\\
=FMT  \\$a  SE
=040  \\$aUk$beng$cUk$erda
=042  \\$aukblsr
=082  04$a287.542719$223
=130  0\$aClips (Penketh, England)
=245  10$aClips :$bPenketh and Hood Manor Methodist Church magazine.
=246  14$aClips :$bthe Methodist Church in Penketh and Hood Manor
=246  1\$iSubtitle changed:$aClips :$bthe Methodist Church in Penketh
=264  \1$a[Warrington] :$b[publisher not identified]
=300  \\$billustrations (black and white, and colour)
=310  \\$aQuarterly
=336  \\$atext$2rdacontent
=337  \\$acomputer$2rdamedia
=338  \\$aonline resource$2rdacarrier
=588  \\$aDescription based on: Print version record.
=588  \\$aLatest issue consulted: Harvest 2021 (viewed September 15, 2021).
=650  \0$aChristian life$zEngland$zWarrington$vPeriodicals.
=650  \0$aCommunity life$zEngland$zWarrington$vPeriodicals.
=651  \0$aWarrington (England)$xReligious life and customs$vPeriodicals.
=651  \0$aWarrington (England)$xSocial life and customs$vPeriodicals.
=710  2\$aMethodist Church (Great Britain).$bSankey Valley Circuit,$eissuing body.
=776  08$iAlso issued in print as:$tClips (Penketh, England)
=859  \\$aELD$bejournal
=852  41$aBritish Library$bHMNTS$jELD Digital store$3(2021)Harvest-
=985  \\$aNo url available as at 15/9/21
=985  \\$aWFH record (CS) 2021
=CAT  \\$a8124$b40$c20210915$lBLL01$h1021
=CAT  \\$a8124$b40$c20210915$lBLL01$h1028
=CAT  \\$a8124$b40$c20210915$lBLL01$h1029
=FIN  \\$aY$d20210915
=LET  \0$aClips - Penketh and Hood Manor (Electronic)
=LKR  \\$aPAR$b017599931$lBLL01$r776$mClips (Online)$nClips (Print)
=LAS  \\$a8124$b40$c20210915$lBLL01$h1029

