=LDR  01836cas a2200505 i 4500
=001  020352997
=003  Uk
=005  20211025084530.0
=006  m\\\\\|\\d\|\\\\\\
=007  cr\|||||||||||
=008  211007c20159999enkar\\\o\\\\\0\\\a0eng\\
=FMT  \\$a  SE
=015  \\$aGBC1G8833$2bnb
=040  \\$aUk$beng$cUk$erda
=042  \\$aukblsr
=082  04$a362.10941$223
=110  2\$aPicker Institute Europe,$eauthor.
=245  10$aImpact report /$cPicker.
=246  17$aPicker impact report,$f2015/2016
=264  \1$aOxford :$bPicker Institute Europe,$c[2016]-
=300  \\$billustrations (colour), maps (colour)
=310  \\$aAnnual
=336  \\$atext$2rdacontent
=337  \\$acomputer$2rdamedia
=338  \\$aonline resource$2rdacarrier
=500  \\$aOn cover "Influence, inspire, empower" <2017/2018>-
=588  \\$aDescription based on print version record.
=588  \\$aLatest issue consulted: 2019/2020.
=610  20$aPicker Institute Europe$vPeriodicals.
=650  \0$aMedical care$zGreat Britain$vPeriodicals.
=650  \0$aMedical care surveys$xResearch$zGreat Britain$vPeriodicals.
=690  7\$aSocial Welfare$2blcoll
=776  08$iAlso issued in print as:$aPicker Institute Europe.$tImpact report
=780  00$aPicker Institute Europe.$sAnnual report (2013)
=859  \\$aELD$bejournal
=852  41$aBritish Library$bHMNTS$jELD Digital store$3(2019/2020)-
=CAT  \\$a3072$b40$c20211007$lBLL01$h1246
=CAT  \\$a3072$b40$c20211007$lBLL01$h1250
=CAT  \\$a3072$b40$c20211007$lBLL01$h1349
=CAT  \\$a3072$b40$c20211007$lBLL01$h1352
=CAT  \\$aBATCH-SWP$c20211025$lBLL01$h0845
=FIN  \\$aY$d20211007
=LET  \0$aImpact report (Electronic)
=LKR  \\$aPAR$b019888927$lBLL01$nImpact report (Print)$mImpact report (Online$r776
=LAS  \\$aBATCH-SWP$b00$c20211025$lBLL01$h0845

