=LDR  01876cas a2200457 i 4500
=001  020365119
=003  Uk
=005  20230920165540.0
=007  cr\|||||||||||
=008  211020d20202020wlkuu\\\\\\\\o0\\\a0eng\\
=FMT  \\$a  SE
=015  \\$aGBC1H5145$2bnb
=040  \\$aUk$beng$cUk$dUk$erda
=042  \\$aukblsr
=082  04$a331.1180941$223
=245  00$aLabour productivity for UK countries and regions, quarterly :$bintroducing annual and quarterly regional labour productivity, gross value added, hours and jobs, 2012 to 2020.
=264  \1$a[Newport] :$bOffice for National Statistics,$c2021.
=300  \\$billustrations (colour)
=310  \\$aQuarterly
=336  \\$atext$2rdacontent
=337  \\$acomputer$2rdamedia
=338  \\$aonline resource$2rdacarrier
=362  0\$aOctober/December 2020.
=490  1\$aStatistical bulletin
=500  \\$aTitle from PDF caption (ONS website, viewed October 20, 2021).
=650  \0$aLabor productivity$zGreat Britain$vStatistics$vPeriodicals.
=690  7\$aManagement and Business Studies$2blcoll
=710  1\$aGreat Britain.$bOffice for National Statistics,$eissuing body.
=787  0\$tLabour productivity
=830  \0$aStatistical bulletin (Great Britain. Office for National Statistics)
=859  \\$aELD$bejournal
=852  41$aBritish Library$bHMNTS$jELD Digital store$3(2020:Oct./Dec.)
=CAT  \\$a8483$b40$c20211020$lBLL01$h1004
=CAT  \\$a8483$b40$c20211020$lBLL01$h1007
=CAT  \\$aBATCH-MBS$c20211029$lBLL01$h2134
=CAT  \\$a3072$b40$c20230920$lBLL01$h1655
=CAT  \\$a3072$b40$c20230920$lBLL01$h1655
=FIN  \\$aY$d20211020
=LET  \0$aLabour productivity for UK countries and regions, quarterly (Electronic)
=LKR  \\$aPAR$b018639547$lBLL01$r787$mLabour productivity for UK countries and regions, quarterly$nLabour productivity
=LAS  \\$a3072$b40$c20230920$lBLL01$h1655

