=LDR  01564cas a2200373 i 4500
=001  020369164
=003  Uk
=005  20211105220901.0
=006  m\\\\\|\\d\|\\\\\\
=007  cr\|||||||||||
=008  211026c2uuu9999enkar\\\o\\\\\0\\\a0eng\\
=FMT  \\$a  SE
=040  \\$aUk$beng$cUk$erda
=042  \\$aukblsr
=082  04$a361.06042812$223
=110  2\$aCalderdale Citizens Advice Bureau,$eauthor.
=245  10$aReport of the Trustees and unaudited financial statements for the year ended 31 March ... for Calderdale Citizens Advice Bureau trading as Citizens Advice Calderdale.
=264  \1$aHalifax, West Yorkshire :$bRiley & Co Ltd Chartered Accountants
=310  \\$aAnnual
=336  \\$atext$2rdacontent
=337  \\$acomputer$2rdamedia
=338  \\$aonline resource$2rdacarrier
=588  \\$aDescription based on: 2020 issue; title from PDF cover.
=610  20$aCalderdale Citizens Advice Bureau$vPeriodicals.
=610  20$aCalderdale Citizens Advice Bureau$xFinance$vPeriodicals.
=690  7\$aSocial Welfare$2blcoll
=859  \\$aELD$bejournal
=852  41$aBritish Library$bHMNTS$jELD Digital store$3(2020)-
=985  \\$aSent in response to claim for print 007890638 called "Annual report"; may be continuation or different- unsure - so no links made.
=CAT  \\$a3072$b40$c20211026$lBLL01$h1118
=CAT  \\$aBATCH-SWP$c20211105$lBLL01$h2209
=FIN  \\$aY$d20211026
=LET  \0$aReport of the Trustees and unaudited financial statements - Calderdale Citizens Advice Bureau (Electronic)
=LAS  \\$aBATCH-SWP$b00$c20211105$lBLL01$h2209

