=LDR  01746cas a2200505 i 4500
=001  020369262
=003  Uk
=005  20211101162643.0
=006  m\\\\\|\\d\|\\\\\\
=007  cr\|||||||||||
=008  211026c\\\\9999enk\r\\\o\\\\\0\\\a0eng\\
=FMT  \\$a  SE
=015  \\$aGBC1H5812$2bnb
=040  \\$aUk$beng$cUk$dUk$erda
=042  \\$aukblsr
=082  04$a331.2520941$223
=245  04$aThe DC future book.
=246  3\$aDefined contribution future book
=246  30$aFuture book
=264  \1$aLondon :$bPensions Policy Institute,$c2018-
=300  \\$billustrations (colour)
=310  \\$aAnnual
=336  \\$atext$2rdacontent
=337  \\$acomputer$2rdamedia
=338  \\$aonline resource$2rdacarrier
=362  0\$a2018-
=500  \\$aIn association with Columbia Threadneedle Investments.
=500  \\$aTitle from PDF cover (publisher's website, viewed October 26, 2021).
=588  \\$aLatest issue consulted: 2021 (viewed October 26, 2021).
=650  \0$aPensions$zGreat Britain$vPeriodicals.
=650  \0$aPensions$zGreat Britain$zForecasting$vPeriodicals.
=690  7\$aManagement and Business Studies$2blcoll
=690  7\$aSocial Welfare$2blcoll
=710  2\$aPensions Policy Institute,$epublisher.
=776  08$iAlso issued in print as:$tDC future book
=780  00$tFuture book
=859  \\$aELD$bejournal
=852  41$aBritish Library$bHMNTS$jELD Digital store$3(2020)-
=985  \\$aWFH record (CS) 2021
=CAT  \\$a8124$b40$c20211026$lBLL01$h1353
=CAT  \\$a8124$b40$c20211101$lBLL01$h1626
=FIN  \\$aY$d20211026
=LET  \4$aThe DC future book (Electronic)
=LKR  \\$aPAR$b019325828$lBLL01$r776$mDC future book (Online)$nDC future book (Print)
=LAS  \\$a8124$b40$c20211101$lBLL01$h1626

