=LDR  01702cas a22004695i 4500
=001  020382205
=003  Uk
=005  20230809155748.0
=006  m\\\\\|\\d\|\\\\\\
=007  cr\|||||||||||
=008  211103c\\\\9999cc\\\\p\o\\\\\0\\\a0eng\\
=FMT  \\$a  SE
=022  \\$a1793-7078
=037  \\$a???$bSpringer
=245  00$aResearch and practice in technology enhanced learning
=264  \1$bSpringer
=264  31$a[Taipei, Taiwan]:$bAsia-Pacific Society for Computers in Education
=336  \\$atext$2rdacontent
=337  \\$acomputer$2rdamedia
=338  \\$aonline resource$2rdacarrier
=540  \\$aCurrent copyright fee: zero$c0$5Uk
=859  \\$aELD$bejournal
=852  41$aBritish Library$bHMNTS$jELD Digital store$3Volume 12:Issue 1(2017)
=945  1\$aResearch and Practice in Technology Enhanced Learning
=979  \\$aBritish Library$bDSC$j7715.699000
=985  \\$aELD accessioning record awaiting upgrade
=CAT  \\$a15190$b40$c20211103$lBLL01$h1259
=CAT  \\$a12654$b40$c20221109$lBLL01$h1202
=CAT  \\$a12654$b40$c20221109$lBLL01$h1204
=CAT  \\$a12654$b40$c20230424$lBLL01$h0954
=CAT  \\$aBATCH-UNOA$c20230425$lBLL01$h2344
=CAT  \\$a12654$b40$c20230504$lBLL01$h0849
=CAT  \\$aS2306_0332$c20230613$lBLL01$h0906
=CAT  \\$a8055$b40$c20230726$lBLL01$h1613
=CAT  \\$a8055$b40$c20230726$lBLL01$h1617
=CAT  \\$a8124$b40$c20230807$lBLL01$h1248
=CAT  \\$a8055$b40$c20230809$lBLL01$h1557
=CFI  0\$aCurrent copyright fee: zero$c0$e26-jul-2023$fGBP0.00$g0$hZ$5Uk
=CFI  2\$aPrevious copyright fee: zero$c22\1$e16-apr-2018$fGBP0.00$g0$hP$5Uk
=MNI  \\$a1793-2068
=UNO  \\$aY
=LAS  \\$a8055$b40$c20230809$lBLL01$h1557

