=LDR  00765cas a22002655i 4500
=001  020382234
=003  Uk
=005  20211103134243.0
=006  m\\\\\|\\d\|\\\\\\
=007  cr\|||||||||||
=008  211103c\\\\9999\\\\\\p\o\\\\\0\\\a0eng\\
=FMT  \\$a  SE
=022  \\$a2090-5939
=037  \\$a???$bSpringer
=245  00$aEgyptian journal of forensic sciences
=264  \1$bSpringer
=336  \\$atext$2rdacontent
=337  \\$acomputer$2rdamedia
=338  \\$aonline resource$2rdacarrier
=859  \\$aELD$bejournal
=852  41$aBritish Library$bHMNTS$jELD Digital store$3Volume 7:Issue 1(2017)-
=985  \\$aELD accessioning record awaiting upgrade
=CAT  \\$a15190$b40$c20211103$lBLL01$h1342
=MNI  \\$a2090-536X
=LAS  \\$a15190$b40$c20211103$lBLL01$h1342

