=LDR  01456cas a22003378i 4500
=001  020405377
=003  Uk
=005  20230202104354.0
=006  m\\\\\\\\d\|\\\\\\
=007  cr||||||||||||
=008  211126c20229999enkfr\p\o\\\\\0\\\a0eng\\
=FMT  \\$a  SE
=022  0\$a2755-0303$202
=037  \\$aISSN_2755029X_75$bPortico$nEmerald
=040  \\$aUk$beng$cUk$erda
=222  \0$aJournal of international cooperation in education$b(Online)
=245  00$aJournal of international cooperation in education.
=263  \\$a202209
=264  \1$aBingley :$bEmerald Group Publishing
=310  \\$aSemiannual
=336  \\$atext$2rdacontent
=337  \\$acomputer$2rdamedia
=338  \\$aonline resource$2rdacarrier
=776  08$iAlso issued in print as:$tJournal of international cooperation in education$x2755-029X
=859  \\$aELD$bejournal
=852  41$aBritish Library$bHMNTS$jELD Digital store$3Volume 25:Issue 1(2022)-
=985  \\$aISSN UK Centre: English language version of 'Kokusai kyōiku kyōryoku ronshū' (ISSN 1344-7998) Japenese ISSN Centre responsibility. The English version will contain different articles to the Japanese publication so not 77X link, possibly 787. If further information required please ask in Centre.
=CAT  \\$a10973$b40$c20211126$lBLL01$h1413
=CAT  \\$a15190$b40$c20230202$lBLL01$h1043
=LET  \0$aJournal of international cooperation in education (Electronic)
=LAS  \\$a15190$b40$c20230202$lBLL01$h1043

