=LDR  00826cas a22002655i 4500
=001  020406384
=003  Uk
=005  20211129151132.0
=006  m\\\\\|\\d\|\\\\\\
=007  cr\|||||||||||
=008  211129c\\\\9999\\\\\\p\o\\\\\0\\\a0eng\\
=FMT  \\$a  SE
=022  \\$a1884-9970
=037  \\$aISSN_18824889_21$bPortico$nTaylor & Francis
=245  00$aSICE journal of control, measurement, and system integration
=264  \1$bTaylor & Francis
=336  \\$atext$2rdacontent
=337  \\$acomputer$2rdamedia
=338  \\$aonline resource$2rdacarrier
=859  \\$aELD$bejournal
=852  41$aBritish Library$bHMNTS$jELD Digital store$3Volume 9:Issue 1(2016)-
=985  \\$aELD accessioning record awaiting upgrade
=CAT  \\$a15190$b40$c20211129$lBLL01$h1511
=MNI  \\$a1882-4889
=LAS  \\$a15190$b40$c20211129$lBLL01$h1511

