=LDR  02275cas a2200481 i 4500
=001  020410834
=003  Uk
=005  20220603221256.0
=006  m\\\\\|\\d\|\\\\\\
=007  cr\|||||||||||
=008  211201c20209999enkar\p\o\\\\\0\\\a0eng\\
=FMT  \\$a  SE
=015  \\$aGBC1K2434$2bnb
=040  \\$aUk$beng$cUk$erda
=042  \\$aukblsr
=082  04$a362.11094216021$223
=245  00$aNHS adult inpatient survey ... benchmark report.$pSt George's University Hospitals NHS Foundation Trust.
=246  3\$aNational Health Service adult inpatient survey ... banchmark report.$pSt George's University Hospitals NHS Foundation Trust.
=246  30$aSt George's University Hospitals NHS Foundation Trust
=246  1\$iPDF running title:$aAdult inpatient survey ... St George's University Hospitals NHS Foundation Trust
=264  \1$a[London?] :$bCare Quality Commission
=300  \\$billustrations (colour).
=310  \\$aAnnual
=336  \\$atext$2rdacontent
=337  \\$acomputer$2rdamedia
=338  \\$aonline resource$2rdacarrier
=362  0\$a2020-
=500  \\$aTitle from PDF cover (nhssurveys.org, viewed December 1, 2021).
=610  20$aSt. George's University Hospitals NHS Foundation Trust$xEvaluation$vPeriodicals.
=650  \0$aPatient satisfaction$zEngland$zLondon$vStatistics$vPeriodicals.
=650  \0$aMedical care surveys$zEngland$zLondon$vPeriodicals.
=650  \0$aHospital care$zEngland$zLondon$xEvaluation$vStatistics$vPeriodicals.
=690  7\$aSocial Welfare$2blcoll
=780  00$tAdult inpatient survey. St George's University Hospitals NHS Foundation Trust
=859  \\$aELD$bejournal
=852  41$aBritish Library$bHMNTS$jELD Digital store$3(2020)-
=CAT  \\$a8483$b40$c20211201$lBLL01$h1348
=CAT  \\$a8483$b40$c20211201$lBLL01$h1349
=CAT  \\$aBATCH-SWP$c20220603$lBLL01$h2212
=FIN  \\$aY$d20211201
=LET  \0$aNHS adult inpatient survey ... benchmark report. St George's University Hospitals NHS Foundation Trust (Electronic)
=LKR  \\$aPAR$b019611476$lBLL01$r78000$mNHS adult inpatient survey ... benchmark report. St George's University Hospitals NHS Foundation Trust$nAdult inpatient survey. St George's University Hospitals NHS Foundation Trustey.
=LAS  \\$aBATCH-SWP$b00$c20220603$lBLL01$h2212

