=LDR  00793cas a22002535i 4500
=001  020410934
=003  Uk
=005  20211201154735.0
=006  m\\\\\|\\d\|\\\\\\
=007  cr\|||||||||||
=008  211201c\\\\9999\\\\\\p\o\\\\\0\\\a0eng\\
=FMT  \\$a  SE
=022  \\$a2766-0400
=037  \\$aISSN_27660400_21$bPortico$nTaylor & Francis
=245  00$aScience and Technology of Advanced Materials: Methods
=264  \1$bTaylor & Francis
=336  \\$atext$2rdacontent
=337  \\$acomputer$2rdamedia
=338  \\$aonline resource$2rdacarrier
=859  \\$aELD$bejournal
=852  41$aBritish Library$bHMNTS$jELD Digital store$3Volume 1:Issue 1(2021)-
=985  \\$aELD accessioning record awaiting upgrade
=CAT  \\$a15190$b40$c20211201$lBLL01$h1547
=LAS  \\$a15190$b40$c20211201$lBLL01$h1547

