=LDR  00784cas a22002655i 4500
=001  020410940
=003  Uk
=005  20211201160832.0
=006  m\\\\\|\\d\|\\\\\\
=007  cr\|||||||||||
=008  211201c\\\\9999\\\\\\p\o\\\\\0\\\a0eng\\
=FMT  \\$a  SE
=022  \\$a2694-1120
=037  \\$aISSN_26941112_21$bPortico$nTaylor & Francis
=245  00$aFunctional Diamond
=264  \1$bTaylor & Francis
=336  \\$atext$2rdacontent
=337  \\$acomputer$2rdamedia
=338  \\$aonline resource$2rdacarrier
=859  \\$aELD$bejournal
=852  41$aBritish Library$bHMNTS$jELD Digital store$3Volume 1:Issue 1(2021)-
=985  \\$aELD accessioning record awaiting upgrade
=CAT  \\$a15190$b40$c20211201$lBLL01$h1608
=MNI  \\$a2694-1112
=LAS  \\$a15190$b40$c20211201$lBLL01$h1608

