=LDR  00895cas a22002895i 4500
=001  020416804
=003  Uk
=005  20220311154012.0
=006  m\\\\\|\\d\|\\\\\\
=007  cr\|||||||||||
=008  211207c\\\\9999\\\\\\p\o\\\\\0\\\a0eng\\
=FMT  \\$a  SE
=022  \\$a2767-8490
=037  \\$aISSN_00186368_21$bPortico$nTaylor & Francis
=037  3\$aISSN_27678490_21$bPortico$nTaylor & Francis
=245  00$aLa Houille Blanche
=264  \1$bTaylor & Francis
=336  \\$atext$2rdacontent
=337  \\$acomputer$2rdamedia
=338  \\$aonline resource$2rdacarrier
=859  \\$aELD$bejournal
=852  41$aBritish Library$bHMNTS$jELD Digital store$3Volume 102:Issue 1(2016)-
=985  \\$aELD accessioning record awaiting upgrade
=CAT  \\$a15190$b40$c20211207$lBLL01$h1525
=CAT  \\$a14586$b40$c20220311$lBLL01$h1540
=MNI  \\$a0018-6368
=LAS  \\$a14586$b40$c20220311$lBLL01$h1540

