=LDR  00789cas a22002535i 4500
=001  020430309
=003  Uk
=005  20211221113318.0
=006  m\\\\\|\\d\|\\\\\\
=007  cr\|||||||||||
=008  211221c\\\\9999\\\\\\p\o\\\\\0\\\a0eng\\
=FMT  \\$a  SE
=022  \\$a2693-9169
=037  \\$aISSN_26939169_21$bPortico$nTaylor & Francis
=245  00$aJournal of Statistics and Data Science Education
=264  \1$bTaylor & Francis
=336  \\$atext$2rdacontent
=337  \\$acomputer$2rdamedia
=338  \\$aonline resource$2rdacarrier
=859  \\$aELD$bejournal
=852  41$aBritish Library$bHMNTS$jELD Digital store$3Volume 29:Issue 1(2021)-
=985  \\$aELD accessioning record awaiting upgrade
=CAT  \\$a15190$b40$c20211221$lBLL01$h1133
=LAS  \\$a15190$b40$c20211221$lBLL01$h1133

