=LDR  00808cas a22002655i 4500
=001  020430316
=003  Uk
=005  20211221115812.0
=006  m\\\\\|\\d\|\\\\\\
=007  cr\|||||||||||
=008  211221c\\\\9999\\\\\\p\o\\\\\0\\\a0eng\\
=FMT  \\$a  SE
=022  \\$a2692-3998
=037  \\$aISSN_2692398X_21$bPortico$nTaylor & Francis
=245  00$aInternational Journal of Systemic Therapy
=264  \1$bTaylor & Francis
=336  \\$atext$2rdacontent
=337  \\$acomputer$2rdamedia
=338  \\$aonline resource$2rdacarrier
=859  \\$aELD$bejournal
=852  41$aBritish Library$bHMNTS$jELD Digital store$3Volume 32:Issue 1(2021)-
=985  \\$aELD accessioning record awaiting upgrade
=CAT  \\$a15190$b40$c20211221$lBLL01$h1158
=MNI  \\$a2692-398X
=LAS  \\$a15190$b40$c20211221$lBLL01$h1158

