=LDR  01744cas a2200445 i 4500
=001  020439107
=003  Uk
=005  20230222082845.0
=006  m\\\\\|\\d\|\\\\\\
=007  cr\|||||||||||
=008  220105d20122020enkuu\p\o\\\\o0\\\a0eng\\
=FMT  \\$a  SE
=015  \\$aGBC200158$2bnb
=040  \\$aUk$beng$cUk$erda
=042  \\$aukblsr
=082  04$a333.33850942$223
=245  00$aPrivate rental affordability, England.
=264  \1$a[London] :$bOffice for National Statistics
=300  \\$billustrations (colour)
=336  \\$atext$2rdacontent
=337  \\$acomputer$2rdamedia
=338  \\$aonline resource$2rdacarrier
=362  0\$a2012 to 2020.
=500  \\$aTitle from PDF caption (ONS website,viewed January 5, 2022).
=500  \\$a"Private rent prices in England expressed as a percentage of gross monthly household income. Part of our additional measures of housing affordability series".
=650  \0$aRental housing$zEngland$vStatistics$vPeriodicals.
=650  \0$aRent charges$zEngland$vStatistics$vPeriodicals.
=650  \0$aDisposable income$zEngland$vStatistics$vPeriodicals.
=690  7\$aManagement and Business Studies$2blcoll
=710  1\$aGreat Britain.$bOffice for National Statistics,$eissuing body.
=785  00$tPrivate rental affordability, England, Wales and Northern Ireland
=859  \\$aELD$bejournal
=852  41$aBritish Library$bHMNTS$jELD Digital store$3(2012/2020)
=CAT  \\$a8483$b40$c20220105$lBLL01$h1034
=CAT  \\$aBATCH-MBS$c20220114$lBLL01$h2128
=CAT  \\$a8483$b40$c20230222$lBLL01$h0825
=CAT  \\$a8483$b40$c20230222$lBLL01$h0828
=FIN  \\$aY$d20220105
=LET  \0$aPrivate rental affordability, England (Electronic)
=LAS  \\$a8483$b40$c20230222$lBLL01$h0828

