=LDR  01974cas a2200481 i 4500
=001  020485228
=003  Uk
=005  20220413084945.0
=007  cr\|||||||||||
=008  220210c19909999nikar\p\o\\\\\0\\\a0eng\\
=FMT  \\$a  SE
=015  \\$aGBC221710$2bnb
=040  \\$aUk$beng$cUk$dUk$erda
=042  \\$aukblsr
=082  04$a340.023416$223
=110  1\$aNorthern Ireland.$bLay Observer,$eauthor.
=245  10$aAnnual report of the Lay Observer.
=246  1\$iMinor title change:$aAnnual report of the Lay Observer for Northern Ireland,$f2009-
=246  30$aAnnual report
=246  1\$iTitle of short duration:$aAnnual report to the Secretary of State for Justice,$f2016/2017
=246  13$aAnnual report of the Chair of Lay Observers
=264  \1$aBelfast :$bH.M.S.O.,$c1990-
=264  21$aBelfast :$bThe Stationery Office
=264  31$a[Belfast] :$bTSO Ireland
=300  \\$billustrations (black and white)
=310  \\$aAnnual
=336  \\$atext$2rdacontent
=337  \\$acomputer$2rdamedia
=338  \\$aonline resource$2rdacarrier
=362  1\$aPrint began with the 12th report (1989).
=588  \\$aDescription based on print version record.
=588  \\$aLatest issue consulted: 2020/2021 (The Lay Observer website, viewed April 13, 2022).
=610  10$aNorthern Ireland.$bLay Observer$vPeriodicals.
=610  20$aLaw Society of Northern Ireland$vPeriodicals.
=776  08$iAlso issued in print -2014 :$aNorthern Ireland. Lay Observer.$tAnnual report of the Lay Observer
=859  \\$aELD$bejournal
=852  41$aBritish Library$bHMNTS$jELD Digital store$3(2015)-
=CAT  \\$a8483$b40$c20220210$lBLL01$h1158
=CAT  \\$a8124$b40$c20220413$lBLL01$h0849
=FIN  \\$aY$d20220210
=LET  \0$aAnnual report of the Lay Observer for Northern Ireland (Electronic)
=LKR  \\$aPAR$b010459013$lBLL01$r776$mAnnual report of the Lay Observer (Online)$nAnnual report of the Lay Observer (Print)
=LAS  \\$a8124$b40$c20220413$lBLL01$h0849

