=LDR  01248cas a22003858i 4500
=001  020492330
=003  Uk
=005  20230202121255.0
=006  m\\\\\\\\d\|\\\\\\
=007  cr||||||||||||
=008  220218c20239999enkfr\p\o\\\\\0\\\a0eng\\
=FMT  \\$a  SE
=022  0\$a2753-2712$202
=037  \\$aISSN_27532712_30$bPortico$nCambridge University Press
=040  \\$aUk$beng$cUk$erda
=222  \0$aCritical Pakistan studies
=245  00$aCritical Pakistan studies.
=263  \\$a202305
=264  \1$aCambridge$bCambridge University Press
=310  \\$aTwo issues yearly
=336  \\$atext$2rdacontent
=337  \\$acomputer$2rdamedia
=338  \\$aonline resource$2rdacarrier
=859  \\$aELD$bejournal
=852  41$aBritish Library$bHMNTS$jELD Digital store
=CAT  \\$a7152$b40$c20220218$lBLL01$h1016
=CAT  \\$a15020$b40$c20230114$lBLL01$h0814
=CAT  \\$a15020$b40$c20230114$lBLL01$h0905
=CAT  \\$a14586$b40$c20230131$lBLL01$h1204
=CAT  \\$a14586$b40$c20230131$lBLL01$h1207
=CAT  \\$a15020$b40$c20230202$lBLL01$h1026
=CAT  \\$a15020$b40$c20230202$lBLL01$h1041
=CAT  \\$a15020$b40$c20230202$lBLL01$h1212
=LET  \0$aCritical Pakistan studies (Electronic)
=LAS  \\$a15020$b40$c20230202$lBLL01$h1212

