=LDR  00967cas a22003138i 4500
=001  020505700
=003  Uk
=005  20230329103932.0
=006  m\\\\\\\\d\|\\\\\\
=007  cr||||||||||||
=008  220303c20239999enktr\p\o\\\\\0\\\a0eng\\
=FMT  \\$a  SE
=022  0\$a2755-1768$202
=037  \\$aISSN_27551768_77$bPortico$nBristol University Press
=040  \\$aUk$beng$cUk$erda
=222  \0$aEuropean social work research
=245  00$aEuropean social work research.
=263  \\$a202303
=264  \1$aBristol :$bPolicy Press
=310  \\$aThree times a year
=336  \\$atext$2rdacontent
=337  \\$acomputer$2rdamedia
=338  \\$aonline resource$2rdacarrier
=859  \\$aELD$bejournal
=852  41$aBritish Library$bHMNTS$jELD Digital store$3Volume 1:Issue 1(2023)-
=CAT  \\$a10973$b40$c20220303$lBLL01$h1014
=CAT  \\$a10983$b40$c20230203$lBLL01$h1447
=CAT  \\$a15731$b40$c20230329$lBLL01$h1039
=LAS  \\$a15731$b40$c20230329$lBLL01$h1039

