=LDR  00823cas a22002535i 4500
=001  020513899
=003  Uk
=005  20220311155418.0
=006  m\\\\\|\\d\|\\\\\\
=007  cr\|||||||||||
=008  220311c\\\\9999\\\\\\p\o\\\\\0\\\a0eng\\
=FMT  \\$a  SE
=022  \\$a2162-8726
=037  \\$aISSN_21628726_17$bPortico$nInstitute of Physics Publishing
=245  00$aECS Electrochemistry Letters
=264  \1$bInstitute of Physics Publishing
=336  \\$atext$2rdacontent
=337  \\$acomputer$2rdamedia
=338  \\$aonline resource$2rdacarrier
=859  \\$aELD$bejournal
=852  41$aBritish Library$bHMNTS$jELD Digital store$3Volume 4:Number 1(2015)-Volume 4:Number 12(2015)
=985  \\$aELD accessioning record awaiting upgrade
=CAT  \\$a14586$b40$c20220311$lBLL01$h1554
=LAS  \\$a14586$b40$c20220311$lBLL01$h1554

