=LDR  01456cas a2200409 i 4500
=001  020516884
=003  Uk
=005  20220405145018.0
=007  cr\|||||||||||
=008  220315d19831991enkmr\p\o\\\\\0\\\a0eng\\
=FMT  \\$a  SE
=040  \\$aUk$beng$cUk$erda
=042  \\$aukblsr
=082  04$a004.165$223
=245  00$aWakefield BBC Micro User Group.
=246  1\$iApril 1983 issue entitled:$aBBC Micro hints and tips
=246  13$aWakefield BBC Micro User Group newsletter
=246  30$aBBC Micro User Group
=264  \1$a[Wakefield] :$b[Wakefield BBC Micro User Group]
=310  \\$aMonthly
=336  \\$atext$2rdacontent
=337  \\$acomputer$2rdamedia
=338  \\$aonline resource$2rdacarrier
=362  1\$aBegan with April 1983.
=362  0\$a-October 1991.
=588  \\$aDescription based on: June 1983; title from PDF caption [PDF supplied by publisher].
=588  \\$aLatest issue consulted: October 1991 [PDF supplied by publisher].
=650  \0$aBBC Microcomputer$vPeriodicals.
=710  2\$aWakefield BBC Micro User Group,$eissuing body.
=785  00$tWakefield Acorn Computer Group
=859  \\$aELD$bejournal
=852  41$aBritish Library$bHMNTS$jELD Digital store$3(1983:Apr.)-(1991:Oct.)
=CAT  \\$a8483$b40$c20220315$lBLL01$h1224
=CAT  \\$a8871$b40$c20220405$lBLL01$h1450
=FIN  \\$aY$d20220315
=LET  \0$aWakefield BBC Micro User Group newsletter (Electronic)
=LAS  \\$a8871$b40$c20220405$lBLL01$h1450

