=LDR  01095cas a22003495i 4500
=001  020530014
=003  Uk
=005  20231017160219.0
=006  m\\\\\|\\d\|\\\\\\
=007  cr\|||||||||||
=008  220325c\\\\9999\\\\\\p\o\\\\\0\\\a0eng\\
=FMT  \\$a  SE
=022  \\$a2770-2030
=037  \\$aISSN_27702030_2$bPortico$nWiley
=245  00$aFuture Humanities
=264  \1$bWiley$c2023
=336  \\$atext$2rdacontent
=337  \\$acomputer$2rdamedia
=338  \\$aonline resource$2rdacarrier
=540  \\$aCurrent copyright fee: zero$c35\0$5Uk
=859  \\$aELD$bejournal
=852  41$aBritish Library$bHMNTS$jELD Digital store$3Volume 1:Issue 1(2023)-
=945  \\$aFuture humanities
=979  \\$aBritish Library$bDSC$j4060.585000N
=985  \\$aELD accessioning record awaiting upgrade
=CAT  \\$a15190$b40$c20220325$lBLL01$h1215
=CAT  \\$a8055$b40$c20230628$lBLL01$h1251
=CAT  \\$a8055$b40$c20231017$lBLL01$h1602
=TOC  \\$aETOC
=UNO  \\$aY
=CFI  \\$aCurrent copyright fee: zero$c35\0$e28-jun-2023$fGBP0.00$g0$hP$5Uk
=LAS  \\$a8055$b40$c20231017$lBLL01$h1602

