=LDR  00797cas a22002898i 4500
=001  020542719
=003  Uk
=005  20220816120116.0
=006  m\\\\\\\\d\|\\\\\\
=007  cr||||||||||||
=008  220405c20239999enkuu\p\o\\\\\0\\\a0eng\\
=FMT  \\$a  SE
=022  0\$a2754-6330$202
=037  \\$a???$bSage (UK) Ltd
=040  \\$aUk$beng$cUk$erda
=222  \0$aNeurodiversity
=245  00$aNeurodiversity.
=263  \\$a202306
=264  \1$aLondon :$bSAGE Publishing
=336  \\$atext$2rdacontent
=337  \\$acomputer$2rdamedia
=338  \\$aonline resource$2rdacarrier
=859  \\$aELD$bejournal
=852  41$aBritish Library$bHMNTS$jELD Digital store
=CAT  \\$a10806$b40$c20220405$lBLL01$h0731
=CAT  \\$a10902$b40$c20220816$lBLL01$h1201
=LAS  \\$a10902$b40$c20220816$lBLL01$h1201

