=LDR  01853cas a2200445 i 4500
=001  020547352
=003  Uk
=005  20220406084526.0
=006  m\\\\\|\\d\|\\\\\\
=007  cr\|||||||||||
=008  220406c20229999wlkuu\\\o\s\\o0\\\a0eng\\
=FMT  \\$a  SE
=015  \\$aGBC262624$2bnb
=040  \\$aUk$beng$cUk$erda
=042  \\$aukblsr
=082  04$a614.592414$223
=245  00$aCoronavirus (COVID-19) vaccination uptake in school pupils, England.
=264  \1$a[Newport] :$bOffice for National Statistics,$c2022-
=300  \\$billustrations (colour)
=336  \\$atext$2rdacontent
=337  \\$acomputer$2rdamedia
=338  \\$aonline resource$2rdacarrier
=362  0\$aJanuary 2022-
=500  \\$a"Coronavirus (COVID-19) vaccination uptake in school pupils aged 12 to 17 years attending state-funded schools. Including detailed analysis by demographic and geographic characteristics for those aged 12 to 15 years".
=500  \\$aTitle from PDF caption (ons.gov.uk, viewed April 6, 2022).
=500  \\$aAt head of title: Article.
=500  \\$a"Experimental statistics".
=650  \0$aSchool children$xHealth and hygiene$zEngland$vPeriodicals.
=650  \0$aCOVID-19 (Disease)$xVaccination$zEngland$vStatistics$vPeriodicals.
=650  \0$aCOVID-19 (Disease)$zEngland$xPrevention$vPeriodicals.
=650  \0$aCOVID-19 Pandemic, 2020-$zEngland$vPeriodicals.
=710  1\$aGreat Britain.$bOffice for National Statistics,$eissuing body.
=859  \\$aELD$bejournal
=852  41$aBritish Library$bHMNTS$jELD Digital store$3(2022:Jan. 09)-
=985  \\$aWFH record (CS) 2022
=CAT  \\$a8124$b40$c20220406$lBLL01$h0837
=CAT  \\$a8124$b40$c20220406$lBLL01$h0845
=FIN  \\$aY$d20220406
=LET  \0$aCoronavirus (COVID-19) vaccination uptake in school pupils, England (Electronic)
=LAS  \\$a8124$b40$c20220406$lBLL01$h0845

