=LDR  00881cas a22002775i 4500
=001  020561004
=003  Uk
=005  20220423100213.0
=006  m\\\\\|\\d\|\\\\\\
=007  cr\|||||||||||
=008  220423c\\\\9999\\\\\\p\o\\\\\0\\\a0eng\\
=FMT  \\$a  SE
=022  \\$y0543-2766
=037  \\$a???$bPortico$nBMJ
=245  00$aMedical Letter on Drugs & Therapeutics (British Edition
=264  \1$bBMJ Publishing Group Ltd
=336  \\$atext$2rdacontent
=337  \\$acomputer$2rdamedia
=338  \\$aonline resource$2rdacarrier
=859  \\$aELD$bejournal
=852  41$aBritish Library$bHMNTS$jELD Digital store$3Volume 1-1:Number 1(1962)-Volume 1-1:Number 19(1962)
=985  \\$aELD accessioning record awaiting upgrade
=CAT  \\$a10983$b40$c20220423$lBLL01$h0958
=CAT  \\$a10983$b40$c20220423$lBLL01$h1002
=MNI  \\$a0543-2766
=LAS  \\$a10983$b40$c20220423$lBLL01$h1002

