=LDR  02359cas a2200421 i 4500
=001  020561606
=003  Uk
=005  20230502090720.0
=006  m\\\\\|\\d\|\\\\\\
=007  cr\|||||||||||
=008  220425c20uu9999enkar\p\o\\\\\0\\\a0eng\\
=FMT  \\$a  SE
=040  \\$aUk$beng$cUk$dUk$erda
=042  \\$aukblsr
=082  04$a942.58$223
=110  2\$aSt. Albans Civic Society,$eauthor.
=245  10$aReport and financial statements /$cSt Albans Civic Society
=246  1\$iMinor title change:$aTrustee's report and financial statement,$f2021-
=246  13$aSt Albans Civic Society annual report for the Trustees
=246  3\$aSt Albans Civic Society report and financial statements
=264  \1$a[St Albans] :$b[St Albans Civic Society]
=336  \\$atext$2rdacontent
=337  \\$acomputer$2rdamedia
=338  \\$aonline resource$2rdacarrier
=530  \\$aAlso issued in print.
=588  \\$aDescription based on: Report for the year ended 31 March 2020; title from PDF cover [supplied by publisher].
=588  \\$aLatest issue consulted: Report for the year ended 31 March 2022.
=787  0\$aSt. Albans Civic Society.$tAnnual report of the trustees for the year ended 31 March
=859  \\$aELD$bejournal
=852  41$aBritish Library$bHMNTS$jELD Digital store$3(2020)-
=985  \\$aThe 2019 print issue (recalled) begins with page 1 entitled "Annual report of the Trustees", but it is clearly a print out / reproduction, so it is likely that they have omittted any preliminary pages, such as appear on the PDFs for 2020 and 2021. All issues have at the head of page 1 "Annual report of the Trustees for the year...". Therefore its impossible to say if a C/T from the 2019 print has occurred - hence the 787 link to it. Issues for 2021 and 2022 have "Trustee's report and financial statements" but treated as minor c/t as the title seems a bit wobbly
=CAT  \\$a8483$b40$c20220425$lBLL01$h1000
=CAT  \\$a8483$b40$c20220425$lBLL01$h1006
=CAT  \\$a8124$b40$c20230502$lBLL01$h0907
=FIN  \\$aY$d20220425
=LET  \0$aAnnual report of the Trustees (St Albans Civic Society : Electronic)
=LKR  \\$aPAR$b019935122$lBLL01$r787$mReport and financial statements / St. Albans Civic Society$nAnnual report of the trustees for the year ended 31 March ... / St. Albans Civic Society
=LAS  \\$a8124$b40$c20230502$lBLL01$h0907

