=LDR  00984cas a22003018i 4500
=001  020561632
=003  Uk
=005  20230216123207.0
=006  m\\\\\\\\d\|\\\\\\
=007  cr||||||||||||
=008  220425c20239999enk\x\p\o\\\\\0\\\a0eng\\
=FMT  \\$a  SE
=022  0\$a2753-8516$202
=037  \\$aISSN_27538516_30$bPortico$nCambridge University Press
=040  \\$aUk$beng$cUk$erda
=222  \0$aResearch directions. Cyber-physical systems
=245  00$aResearch directions.$pCyber-physical systems.
=263  \\$a202301
=264  \1$aCambridge :$bCambridge University Press & Assessment
=336  \\$atext$2rdacontent
=337  \\$acomputer$2rdamedia
=338  \\$aonline resource$2rdacarrier
=859  \\$aELD$bejournal
=852  41$aBritish Library$bHMNTS$jELD Digital store$3Volume 1(2023)-
=CAT  \\$a10973$b40$c20220425$lBLL01$h1157
=CAT  \\$a15190$b40$c20230124$lBLL01$h1546
=CAT  \\$a14586$b40$c20230216$lBLL01$h1232
=LAS  \\$a14586$b40$c20230216$lBLL01$h1232

