=LDR  00760cas a22002655i 4500
=001  020561977
=003  Uk
=005  20220917102025.0
=006  m\\\\\|\\d\|\\\\\\
=007  cr\|||||||||||
=008  220426c\\\\9999\\\\\\p\o\\\\\0\\\a0eng\\
=FMT  \\$a  SE
=022  \\$a2770-9140
=037  \\$aISSN_27709140_2$bPortico$nWiley
=245  00$aMalignancy Spectrum
=264  \1$bWiley
=336  \\$atext$2rdacontent
=337  \\$acomputer$2rdamedia
=338  \\$aonline resource$2rdacarrier
=859  \\$aELD$bejournal
=852  41$aBritish Library$bHMNTS$jELD Digital store
=985  \\$aELD accessioning record awaiting upgrade
=CAT  \\$a15731$b40$c20220426$lBLL01$h1456
=CAT  \\$a10983$b40$c20220917$lBLL01$h1020
=LAS  \\$a10983$b40$c20220917$lBLL01$h1020

