=LDR  00884cas a22003018i 4500
=001  020568068
=003  Uk
=005  20220816131548.0
=006  m\\\\\\\\d\|\\\\\\
=007  cr||||||||||||
=008  220429c20239999enkqr\p\o\\\\\0\\\a0eng\\
=FMT  \\$a  SE
=022  0\$a2753-8699$202
=037  \\$a???$bSage (UK) Ltd
=040  \\$aUk$beng$cUk$erda
=222  \0$aPossibility studies and society
=245  00$aPossibility studies and society.
=263  \\$a202303
=264  \1$aLondon :$bSAGE Publishing
=310  \\$aQuarterly
=336  \\$atext$2rdacontent
=337  \\$acomputer$2rdamedia
=338  \\$aonline resource$2rdacarrier
=859  \\$aELD$bejournal
=852  41$aBritish Library$bHMNTS$jELD Digital store$3Volume 1:Issue 1/2(2023)-
=CAT  \\$a10973$b40$c20220429$lBLL01$h1339
=CAT  \\$a10902$b40$c20220816$lBLL01$h1315
=LAS  \\$a10902$b40$c20220816$lBLL01$h1315

