=LDR  00753cas a22002655i 4500
=001  020579592
=003  Uk
=005  20220917105232.0
=006  m\\\\\|\\d\|\\\\\\
=007  cr\|||||||||||
=008  220509c\\\\9999\\\\\\p\o\\\\\0\\\a0eng\\
=FMT  \\$a  SE
=022  \\$a2771-179X
=037  \\$aISSN_2771179X_2$bPortico$nWiley
=245  00$aNursing Plus
=264  \1$bWiley
=336  \\$atext$2rdacontent
=337  \\$acomputer$2rdamedia
=338  \\$aonline resource$2rdacarrier
=859  \\$aELD$bejournal
=852  41$aBritish Library$bHMNTS$jELD Digital store
=985  \\$aELD accessioning record awaiting upgrade
=CAT  \\$a15190$b40$c20220509$lBLL01$h0913
=CAT  \\$a10983$b40$c20220917$lBLL01$h1052
=LAS  \\$a10983$b40$c20220917$lBLL01$h1052

