=LDR  03075cas a2200661 i 4500
=001  017498466
=003  Uk
=005  20210113150324.0
=006  m\\\\\|\\d\|\\\\\\
=007  cr\|||||||||||
=008  150819d1993201uenkar\\\o\\\\o0\\\a0eng\\
=FMT  \\$a  SE
=015  \\$aGBB5B4638$2bnb
=040  \\$aUk$beng$cUk$dUk$erda
=042  \\$aukblsr
=082  04$a364.63068$223
=110  1\$aGreat Britain.$bHM Inspectorate of Probation,$eauthor.
=245  10$aAnnual report :$bindependent inspection of adult & youth offending work /$cHM Inspectorate of Probation = Ardygiaeth Prawl EM.
=246  1\$iWeb link title:$aHMI Probation annual report
=246  13$aIndependent inspection of adult & youth offending work
=264  \1$aManchester :$bHM Inspectorate of Probation,$c-[2018?]
=310  \\$aAnnual
=336  \\$atext$2rdacontent
=337  \\$acomputer$2rdamedia
=338  \\$aonline resource$2rdacarrier
=362  1\$aPrint began with 1992/93.
=500  \\$aAt top of page - <2016/2017>: CJJI, Criminal justice joint inspection = Arolygiad ar y Cyd Cyfiawnder Troseddol.
=500  \\$aSubtitle varies.
=580  \\$aIssued also in Welsh version.
=588  \\$aDescription based on: 2011/12 issue; title from PDF title page (publisher's Web site, viewed August 19, 2015).
=588  \\$aLatest issue consulted: 2019/2020 (viewed January 13, 2021).
=610  10$aGreat Britain.$bHM Inspectorate of Probation$vPeriodicals.
=650  \0$aProbation$zEngland$xAdministration$xEvaluation$vPeriodicals.
=650  \0$aProbation$zWales$xAdministration$xEvaluation$vPeriodicals.
=690  7\$aManagement and Business Studies$2blcoll
=690  7\$aSocial Welfare$2blcoll
=776  08$iPrint version -<2010/11>:$aGreat Britain. HM Inspectorate of Probation$tAnnual report
=775  1\$aGreat Britain. HM Inspectorate of Probation$tAnnual report. Welsh
=785  06$aGreat Britain. HM Inspectorate of Probation.$tAnnual report. Inspections of probation services
=785  06$aGreat Britain. HM Inspectorate of Probation.$tAnnual report. Inspection of youth offending services
=859  \\$aELD$bejournal
=852  41$aBritish Library$bHMNTS$jELD Digital store$3(2011/2012)-(2021)
=CAT  \\$a3072$b40$c20150819$lBLL01$h1733
=CAT  \\$a3072$b40$c20150819$lBLL01$h1735
=CAT  \\$a3072$b40$c20150819$lBLL01$h1742
=CAT  \\$a3072$b40$c20150820$lBLL01$h1006
=CAT  \\$a3072$b40$c20150820$lBLL01$h1118
=CAT  \\$a11316$b40$c20151001$lBLL01$h0901
=CAT  \\$a11316$b40$c20151001$lBLL01$h0927
=CAT  \\$aBATCH-MBS$c20151009$lBLL01$h2111
=CAT  \\$aBATCH-SWP$c20151009$lBLL01$h2211
=CAT  \\$aW1711-1005$c20171206$lBLL01$h1828
=CAT  \\$a8124$b40$c20210113$lBLL01$h1351
=CAT  \\$a8124$b40$c20210113$lBLL01$h1503
=FIN  \\$aY$d20150819
=LET  \0$aAnnual report - HM Inspectorate of Probation (Electronic)
=LKR  \\$aPAR$b009840674$lBLL01$r776$mAnnual report - HM Inspectorate of Probation (Online)$nAnnual report - HM Inspectorate of Probation (Print)
=LAS  \\$a8124$b40$c20210113$lBLL01$h1503

