=LDR  01728cas a2200445 i 4500
=001  018691431
=003  Uk
=005  20220816090634.0
=006  m\\\\\|\\d\|\\\\\\
=007  cr\|||||||||||
=008  180122c19819999enkbr\p\o\\\\\0\\\a0eng\\
=FMT  \\$a  SE
=040  \\$aUk$beng$cUk$dUk$erda
=042  \\$aukblsr
=082  04$a287.142186$223
=130  0\$aDawn (London, England)
=245  10$aDawn :$bthe newsletter of Wealdstone Methodist Church.
=246  1\$iSubtitle changed:$aDawn :$bthe magazine of Wealdstone Methodist Church,{dollar}f<2020>-
=264  \1$a[Harrow] :$b[publisher not identified]
=300  \\$billustrations (black and white, and colour)
=310  \\$aBimonthly
=336  \\$atext$2rdacontent
=337  \\$acomputer$2rdamedia
=338  \\$aonline resource$2rdacarrier
=362  1\$aPrint began in 1981.
=588  \\$aDescription based on: February 2017 issue ; title from PDF cover.
=588  \\$aLatest issue consulted: June 2022.
=610  20$aWealdstone Methodist Church (Wealdstone, London, England)$vPeriodicals.
=650  \0$aChristian life$zEngland$zLondon$zHarrow$vPeriodicals.
=710  2\$aWealdstone Methodist Church (Wealdstone, London, England),$eissuing body.
=776  08$iAlso issued in print as:$tDawn (London, England)
=859  \\$aELD$bejournal
=852  41$aBritish Library$bHMNTS$jELD Digital store$3(2017:Feb.)-(2023:Apr.)
=985  \\$aViewed as supplied PDF only
=CAT  \\$a8124$b40$c20180122$lBLL01$h1253
=CAT  \\$a8124$b40$c20220816$lBLL01$h0906
=FIN  \\$aY$d20180122
=LET  \0$aDawn (Wealdstone Methodist Church newsletter. Print)
=LKR  \\$aPAR$b018174813$lBLL01$r776$mDawn (Online)$nDawn (Print)
=LAS  \\$a8124$b40$c20220816$lBLL01$h0906

