=LDR  00968cas a22003138i 4500
=001  018766768
=003  Uk
=005  20190402182239.0
=006  m\\\\\\\\d\|\\\\\\
=007  cr||||||||||||
=008  180227c20189999enkar\p\o\\\\\0\\\a0eng\\
=FMT  \\$a  SE
=022  0\$a2516-4376$202
=037  \\$aISSN_25164376$bPortico$nEmerald
=040  \\$aUk$beng$cUk$erda
=222  \0$aInternational journal of future government
=245  00$aInternational journal of future government.
=263  \\$a201804
=264  \1$aBingley :$bEmerald Publishing Ltd
=310  \\$aAnnual
=336  \\$atext$2rdacontent
=337  \\$acomputer$2rdamedia
=338  \\$aonline resource$2rdacarrier
=859  \\$aELD$bejournal
=852  41$aBritish Library$bHMNTS$jELD Digital store$3Content not received
=CAT  \\$a10806$b40$c20180227$lBLL01$h1356
=CAT  \\$a10983$b40$c20190205$lBLL01$h1407
=CAT  \\$a14586$b40$c20190402$lBLL01$h1822
=LAS  \\$a14586$b40$c20190402$lBLL01$h1822

