=LDR  01549 as a2200421 i 4500
=001  018789969
=003  Uk
=005  20211020124529.0
=006  m\\\\\|\\d\|\\\\\\
=007  cr\|||||||||||
=008  180308d2018201uenkar\\\o\\\\\0\\\a0eng\\
=FMT  \\$a  SE
=015  \\$aGBB850066$2bnb
=040  \\$aUk$beng$cUk$dUk$erda
=042  \\$aukblsr
=082  04$a650.0711421$223
=110  2\$aDe Broc School of Business,$eauthor.
=245  10$aUndergraduate and postgraduate prospectus /$cDe Broc School of Business.
=264  \1$a[London] :$bDe Broc School of Business,$c2018-
=300  \\$billustrations (colour)
=310  \\$aAnnual
=336  \\$atext$2rdacontent
=337  \\$acomputer$2rdamedia
=338  \\$aonline resource$2rdacarrier
=362  0\$a2018-
=500  \\$aTitle from PDF cover.
=610  20$aDe Broc School of Business$xCurricula$vCatalogs.
=650  \0$aBusiness education$xCurricula$zLondon$zEngland$vCatalogs.
=780  01$aDe Broc School of Business.$tUndergraduate prospectus for ... entry
=859  \\$aELD$bejournal
=852  41$aBritish Library$bHMNTS$jELD Digital store$3(2018)
=985  \\$aViewed as supplied PDF only
=CAT  \\$a8124$b40$c20180308$lBLL01$h1205
=CAT  \\$a8124$b40$c20211020$lBLL01$h1245
=FIN  \\$aY$d20180308
=LET  \0$aUndergraduate and postgraduate prospectus - De Broc School of Business (Electronic)
=LKR  \\$aPAR$b018615329$lBLL01$r78001$mUndergraduate and postgraduate prospectus$nUndergraduate prospectus for ... entry
=LAS  \\$a8124$b40$c20211020$lBLL01$h1245

