=LDR  00763 as a22002535i 4500
=001  018844718
=003  Uk
=005  20180424133650.0
=006  m\\\\\|\\d\|\\\\\\
=007  cr\|||||||||||
=008  180424c\\\\9999\\\\\\p\o\\\\\0\\\a0eng\\
=FMT  \\$a  SE
=037  \\$a???$bUbiquity Press
=245  00$aImpact on policy and practice
=264  \0$aUbiquity Press
=336  \\$atext$2rdacontent
=337  \\$acomputer$2rdamedia
=338  \\$aonline resource$2rdacarrier
=859  \\$aELD$bejournal
=852  41$aBritish Library$bHMNTS$jELD Digital store$3Content not received
=985  \\$aELD accessioning record awaiting upgrade
=CAT  \\$a14412$b40$c20180424$lBLL01$h1335
=CAT  \\$a14412$b40$c20180424$lBLL01$h1336
=LAS  \\$a14412$b40$c20180424$lBLL01$h1336

