=LDR  00741cas a22002535i 4500
=001  018844746
=003  Uk
=005  20180424140004.0
=006  m\\\\\|\\d\|\\\\\\
=007  cr\|||||||||||
=008  180424c\\\\9999\\\\\\p\o\\\\\0\\\a0eng\\
=FMT  \\$a  SE
=022  \\$a2162-3309
=037  \\$a???$bUbiquity Press
=245  00$aJournal of librarianship and scholarly communication
=264  \1$bUbiquity Press
=336  \\$atext$2rdacontent
=337  \\$acomputer$2rdamedia
=338  \\$aonline resource$2rdacarrier
=859  \\$aELD$bejournal
=852  41$aBritish Library$bHMNTS$jELD Digital store
=985  \\$aELD accessioning record awaiting upgrade
=CAT  \\$a14412$b40$c20180424$lBLL01$h1400
=LAS  \\$a14412$b40$c20180424$lBLL01$h1400

