=LDR  01443 as a2200409 i 4500
=001  018875059
=003  Uk
=005  20201005150420.0
=006  m\\\\\|\\d\|\\\\\\
=007  cr\|||||||||||
=008  180522d20132017enkar\p\o\\\\\0\\\a0eng\\
=FMT  \\$a  SE
=015  \\$aGBB893172$2bnb
=040  \\$aUk$beng$cUk$erda
=042  \\$aukblsr
=082  04$a354.760941$223
=110  1\$aGreat Britain.$bDepartment for Transport,$eauthor.
=245  10$aMonitoring and evaluation programme.
=246  1\$iMinor title change:$aDfT monitoring and evaluation programme,$f2016-
=264  \1$aLondon :$bDepartment for Transport
=310  \\$aAnnual
=336  \\$atext$2rdacontent
=337  \\$acomputer$2rdamedia
=338  \\$aonline resource$2rdacarrier
=362  0\$aOctober 2013-2017.
=500  \\$aTitle from PDF cover (GOV.UK, viewed May 22, 2018).
=588  \\$aLatest issue consulted: 2017 update (viewed May 22, 2018).
=610  10$aGreat Britain.$bDepartment for Transport$xEvaluation$vPeriodicals.
=690  7\$aManagement and Business Studies$2blcoll
=859  \\$aELD$bejournal
=852  41$aBritish Library$bHMNTS$jELD Digital store$3(2013)-(2017)
=CAT  \\$a8483$b40$c20180522$lBLL01$h1219
=CAT  \\$aBATCH-MBS$c20180601$lBLL01$h2105
=CAT  \\$a8483$b40$c20201005$lBLL01$h1504
=FIN  \\$aY$d20180522
=LET  \0$aDfT Monitoring and evaluation programme (Electronic)
=LAS  \\$a8483$b40$c20201005$lBLL01$h1504

