=LDR  01798cas a2200469 i 4500
=001  018882837
=003  Uk
=005  20190103072238.0
=006  m\\\\\|\\d\|\\\\\\
=007  cr\|||||||||||
=008  180530c20uu9999enkar\\\o\\\\\0\\\a0eng\\
=FMT  \\$a  SE
=015  \\$aGBB898198$2bnb
=040  \\$aUk$beng$cUk$erda
=042  \\$aukblsr
=082  04$a601.12$223
=245  04$aThe Deloitte consumer review.$pDigital predictions.
=246  30$aDigital predictions
=264  \1$aLondon :$bDeloitte
=300  \\$billustrations (colour)
=310  \\$aAnnual
=336  \\$atext$2rdacontent
=337  \\$acomputer$2rdamedia
=338  \\$aonline resource$2rdacarrier
=500  \\$aUses data drawn from the annual Technology, media & telecommunications report.
=588  \\$aDescription based on: 2015 issue ; title from PDF cover (Publisher's Web site, viewed May 30, 2018).
=588  \\$aLatest issue consulted: 2018 (viewed May 30, 2018).
=650  \0$aElectronic commerce$zGreat Britain$xForecasting$vPeriodicals.
=650  \0$aDigital communications$zGreat Britain$xForecasting$vPeriodicals.
=650  \0$aDigital media$zGreat Britain$xForecasting$vPeriodicals.
=650  \0$aTechnological forecasting$zGreat Britain$vPeriodicals.
=650  \0$aTechnological innovations$zGreat Britain$vPeriodicals.
=650  \0$aMarket surveys$vPeriodicals.
=690  7\$aManagement and Business Studies$2blcoll
=710  2\$aDeloitte LLP,$eissuing body.
=859  \\$aELD$bejournal
=852  41$aBritish Library$bHMNTS$jELD Digital store$3(2016)-
=CAT  \\$a8124$b40$c20180530$lBLL01$h1354
=CAT  \\$a8871$b40$c20190103$lBLL01$h0722
=FIN  \\$aY$d20180530
=LET  \4$aThe Deloitte consumer review. Digital predictions (Electronic)
=LAS  \\$a8871$b40$c20190103$lBLL01$h0722

