=LDR  01947cas a2200493 i 4500
=001  018903966
=003  Uk
=005  20180612123321.0
=006  m\\\\\|\\d\|\\\\\\
=007  cr\|||||||||||
=008  180612c20179999enkar\\\o\s\\o0\\\a0eng\\
=FMT  \\$a  SE
=015  \\$aGBB8A5816$2bnb
=040  \\$aUk$beng$cUk$erda
=042  \\$aukblsr
=082  04$a362.7609429021$223
=245  00$aWales children receiving care and support census.
=246  1\$iWelsh interface title:$aCyfrifiad plant sy'n derbyn gofal a chymorth Cymru
=264  \1$a[Cardiff] :$bWelsh Government,$c2018-
=300  \\$billustrations (colour), maps (colour).
=336  \\$atext$2rdacontent
=337  \\$acomputer$2rdamedia
=338  \\$aonline resource$2rdacarrier
=362  0\$a2017-
=490  1\$aStatistical first release
=500  \\$aTitle from PDF caption (Welsh Government Web site, viewed June 12, 2018).
=500  \\$a"Experimental statistics".
=515  \\$aAlso carries numbering of main series with SFR prefix.
=550  \\$aAt head of title: Ystadegau ar gyfer Cymru = Statistics for Wales.
=650  \0$aChild welfare$zWales$vStatistics$vPeriodicals.
=650  \0$aChildren$xServices for$zWales$vStatistics$vPeriodicals.
=690  7\$aSocial Welfare$2blcoll
=710  1\$aWales.$bWelsh Government,$eissuing body.
=780  00$tWales children in need census
=830  \0$aStatistical first release (Wales. Welsh Government)
=859  \\$aELD$bejournal
=852  41$aBritish Library$bHMNTS$jELD Digital store$3(2017)-(2019)
=CAT  \\$a8124$b40$c20180612$lBLL01$h1223
=CAT  \\$a8124$b40$c20180612$lBLL01$h1231
=CAT  \\$a8124$b40$c20180612$lBLL01$h1233
=FIN  \\$aY$d20180612
=LET  \0$aWales children receiving care and support census (Electronic)
=LKR  \\$aPAR$b016681360$lBLL01$r78000$mWales children receiving care and support census$nWales children in need census
=LAS  \\$a8124$b40$c20180612$lBLL01$h1233

