=LDR  01615 as a2200433 i 4500
=001  018918340
=003  Uk
=005  20180621164408.0
=006  m\\\\\|\\d\|\\\\\\
=007  cr\|||||||||||
=008  180621d201u201uenk\x\\\os\\\o0\\\a0eng\\
=FMT  \\$a  SE
=040  \\$aUk$beng$cUk$erda
=042  \\$aukblsr
=082  04$a330.98105$223
=245  00$aBrazil economic focus /$cBritish Embassy Brasilia.
=264  \1$a[London] :$bfrom: Foreign & Commonwealth Office
=310  \\$aIrregular
=336  \\$atext$2rdacontent
=337  \\$acomputer$2rdamedia
=338  \\$aonline resource$2rdacarrier
=588  \\$aDescription based on: July 2014 issue; title from PDF caption.
=588  \\$aLatest issue consulted: June 2017 (slideshare).
=651  \0$aBrazil$xEconomic conditions$vStatistics$vPeriodicals.
=651  \0$aBrazil$xCommerce$vPeriodicals.
=690  7\$aManagement and Business Studies$2blcoll
=710  1\$aGreat Britain.$bEmbassy (Brazil).
=710  1\$aGreat Britain.$bForeign and Commonwealth Office,$eissuing body.
=859  \\$aELD$bejournal
=852  41$aBritish Library$bHMNTS$jELD Digital store$3(2014:Jun.)-(2016:Mar.)
=985  \\$anew body - other embassies established like this - ref from British Embassy Brasilia.
=CAT  \\$a3072$b40$c20180621$lBLL01$h1626
=CAT  \\$a3072$b40$c20180621$lBLL01$h1627
=CAT  \\$a3072$b40$c20180621$lBLL01$h1644
=CAT  \\$aBATCH-MBS$c20180629$lBLL01$h2132
=CAT  \\$a5194$b40$c20201113$lBLL01$h1449
=CAT  \\$aBATCH-UPD$b40$c20201113$lBLL01$h1449
=FIN  \\$aY$d20180621
=LAS  \\$aBATCH-UPD$b40$c20201113$lBLL01$h1449

