=LDR  01966 as a2200469 i 4500
=001  018981065
=003  Uk
=005  20180718093630.0
=006  m\\\\\|\\d\|\\\\\\
=007  cr\|||||||||||
=008  180718d20132014enkmr\\\o\s\\o0\\\a0eng\\
=FMT  \\$a  SE
=015  \\$aGBB8D4972$2bnb
=040  \\$aUk$beng$cUk$erda
=042  \\$aukblsr
=082  04$a338.47641370942$223
=245  00$aAvailability & usage of milk by dairies in England & Wales /$cDepartment for Environment, Food & Rural Affairs.
=246  3\$aAvailability and usage of milk by dairies in England and Wales
=246  13$iWeb link title:$aHistorical statistics notices on milk utilisation by dairies
=264  \1$a[England] :$bDepartment for Environment, Food & Rural Affairs,$c2013-2014.
=310  \\$aMonthly
=336  \\$atext$2rdacontent
=337  \\$acomputer$2rdamedia
=338  \\$aonline resource$2rdacarrier
=362  0\$aJune 2013-February 2014.
=500  \\$a"A National Statistics publication".
=500  \\$aTitle from PDF caption (GOV.UK, viewed July 18, 2018).
=588  \\$aLatest issue consulted: February 2014 (viewed July 18, 2018).
=650  \0$aDairy products industry$zEngland$vStatistics$vPeriodicals.
=650  \0$aDairy products industry$zWales$vStatistics$vPeriodicals.
=690  7\$aManagement and Business Studies$2blcoll
=710  1\$aGreat Britain.$bDepartment for Environment, Food & Rural Affairs,$eissuing body.
=780  00$tUtilisation of milk by dairies in England & Wales
=785  00$tUsage of milk by dairies in England & Wales
=859  \\$aELD$bejournal
=852  41$aBritish Library$bHMNTS$jELD Digital store$3(2013:Jun.)-(2014:Feb.)
=CAT  \\$a8124$b40$c20180718$lBLL01$h0928
=CAT  \\$a8124$b40$c20180718$lBLL01$h0933
=CAT  \\$a8124$b40$c20180718$lBLL01$h0936
=FIN  \\$aY$d20180718
=LET  \0$aAvailability & usage of milk by dairies in England & Wales (Electronic)
=LAS  \\$a8124$b40$c20180718$lBLL01$h0936

