=LDR  01794 as a2200433 i 4500
=001  018993606
=003  Uk
=005  20180731115648.0
=006  m\\\\\|\\d\|\\\\\\
=007  cr\|||||||||||
=008  180731c20149999enkhr\\\o\\\\o0\\\a0eng\\
=FMT  \\$a  SE
=015  \\$aGBB8D9916$2bnb
=040  \\$aUk$beng$cUk$erda
=042  \\$aukblsr
=082  04$a333.916409426$223
=110  1\$aGreat Britain.$bDepartment for Environment, Food & Rural Affairs,$eauthor.
=245  10$aThree-year report on the East Marine plans /$cDepartment for Environment, Food and Rural Affairs.
=264  \1$a[London] :$bDepartment for Environment, Food and Rural Affairs,$c2017-
=300  \\$bmaps (colour)
=310  \\$aTriennial
=336  \\$atext$2rdacontent
=337  \\$acomputer$2rdamedia
=338  \\$aonline resource$2rdacarrier
=362  0\$a2 April 2014/1 April 2017 -
=500  \\$a"Presented to Parliament pursuant to Section 61 of the Marine and Coastal Access Act 2009"
=500  \\$aTtle from PDF cover (GOV.UK, viewed July 31, 2018).
=550  \\$a"From: Department for Environment, Food & Rural Affairs and Marine Management Organisation" - GOV.UK.
=650  \0$aOcean$xGovernment policy$zEngland, Eastern$xPlanning$vPeriodicals.
=650  \0$aCoastal zone management$xGovernment policy$zEngland, Eastern$xPlanning$vPeriodicals.
=710  1\$aGreat Britain.$bMarine Management Organisation.
=859  \\$aELD$bejournal
=852  41$aBritish Library$bHMNTS$jELD Digital store$3(2014/2017)-
=CAT  \\$a3072$b40$c20180731$lBLL01$h1156
=CAT  \\$a5100$b40$c20190326$lBLL01$h0816
=CAT  \\$aBATCH-UPD$b40$c20190326$lBLL01$h0816
=FIN  \\$aY$d20180731
=LET  \0$aThree-year report on the East Marine plans (Electronic)
=LAS  \\$aBATCH-UPD$b40$c20190326$lBLL01$h0816

