=LDR  02366 as a2200601 i 4500
=001  019001704
=003  Uk
=005  20190829140737.0
=006  m\\\\\|\\d\|\\\\\\
=007  cr\|||||||||||
=008  180802d20182019enkmr\p\o\\\\\0\\\a0eng\\
=FMT  \\$a  SE
=015  \\$aGBB8E1966$2bnb
=040  \\$aUk$beng$cUk$dUk$erda
=042  \\$aukblsr
=082  04$a338.09605$223
=130  0\$aBusiness chief (Africa edition)
=245  10$aBusiness chief.
=246  10$aBC
=250  \\$aAfrica edition.
=264  \1$a[Norwich] :$b[BizClik Media],$c2018-2019.
=300  \\$billustrations (colour)
=310  \\$aMonthly
=336  \\$atext$2rdacontent
=337  \\$acomputer$2rdamedia
=338  \\$aonline resource$2rdacarrier
=362  0\$aJanuary 2018-February 2019.
=500  \\$aTitle from PDF cover (Publisher's Web site, viewed August 2, 2018).
=580  \\$aMerged with: Business chief (Middle East edition), to form: Business chief (Middle East & Africa edition).
=588  \\$aLatest issue consulted: July 2018 (viewed August 2, 2018).
=650  \0$aBusiness$vPeriodicals.
=651  \0$aAfrica$xCommerce$vPeriodicals.
=690  7\$aManagement and Business Studies$2blcoll
=780  00$tAfrican business review (Norwich, England)
=785  17$tBusiness chief (Middle East edition)
=785  17$tBusiness chief (Middle East & Africa edition)
=859  \\$aELD$bejournal
=852  41$aBritish Library$bHMNTS$jELD Digital store$3(2018:Jan.)-(2019:Feb.)
=985  \\$aContent largely differs from other editions, so done as works not expressions
=CAT  \\$a8124$b40$c20180802$lBLL01$h1254
=CAT  \\$a8124$b40$c20180802$lBLL01$h1255
=CAT  \\$a8124$b40$c20180802$lBLL01$h1415
=CAT  \\$a8124$b40$c20180802$lBLL01$h1424
=CAT  \\$a8124$b40$c20180802$lBLL01$h1441
=CAT  \\$aBATCH-MBS$c20180817$lBLL01$h2114
=CAT  \\$a8124$b40$c20190605$lBLL01$h1249
=CAT  \\$a8124$b40$c20190605$lBLL01$h1254
=CAT  \\$a8124$b40$c20190829$lBLL01$h1407
=FIN  \\$aY$d20180802
=LET  \0$aBusiness chief - Africa edition (Electronic)
=LKR  \\$aPAR$b019001703$lBLL01$r78000$mBusiness chief (Africa edition)$nAfrican business review (Norwich, England)
=LKR  \\$aPAR$b019006159$lBLL01$nBusiness chief (Middle East edition)$mBusiness chief (Africa edition)$r78517
=LAS  \\$a8124$b40$c20190829$lBLL01$h1407

