=LDR  01662cas a2200409 i 4500
=001  019006400
=003  Uk
=005  20180807141605.0
=006  m\\\\\|\\d\|\\\\\\
=007  cr\|||||||||||
=008  180807c20179999enkuu\\\os\\\o0\\\a0eng\\
=FMT  \\$a  SE
=015  \\$aGBB8E4459$2bnb
=040  \\$aUk$beng$cUk$erda
=042  \\$aukblsr
=082  04$a382.40941021$223
=245  00$aUK non-EU trade in goods by declared currency of invoice /$cHM Revenue & Customs.
=246  3\$aUnited Kingdom non-European Union trade in goods by declared currency of invoice
=246  1\$iWeb link title:$aNon-EU trade by declared currency of invoice
=264  \1$aSouthend on Sea :$bHM Revenue & Customs,$c2018-
=336  \\$atext$2rdacontent
=337  \\$acomputer$2rdamedia
=338  \\$aonline resource$2rdacarrier
=362  0\$aProvisional 2017 data-
=500  \\$aMay include revised as well as provisional data.
=500  \\$aTitle from PDF caption (GOV.UK, viewed August 7, 2018).
=651  \0$aGreat Britain$xCommerce$vStatistics$vPeriodicals.
=650  \0$aInternational trade$zGreat Britain$vPeriodicals.
=690  7\$aManagement and Business Studies$2blcoll
=710  1\$aGreat Britain.$bHM Revenue & Customs,$eissuing body.
=780  00$tUK non-EU trade by declared currency of invoice
=859  \\$aELD$bejournal
=852  41$aBritish Library$bHMNTS$jELD Digital store$3(2017)-
=CAT  \\$a3072$b40$c20180807$lBLL01$h1416
=FIN  \\$aY$d20180807
=LKR  \\$aPAR$b018236336$lBLL01$nUK non-EU trade by declared currency of invoice$mUK non-EU trade in goods by declared currency of invoice$r78000
=LAS  \\$a3072$b40$c20180807$lBLL01$h1416

