=LDR  01165 as a22003617i 4500
=001  019018117
=003  Uk
=005  20190311112025.0
=007  ta
=008  180814c20099999enkar\p\\\\\\\0\\\a0eng\\
=FMT  \\$a  SE
=022  0\$a2090-1445$202
=040  \\$aUk$beng$cUk$erda
=042  \\$aissnuk
=210  0\$aMinim. invasive surg.$b(Print)
=222  \0$aMinimally invasive surgery$b(Print)
=245  00$aMinimally invasive surgery.
=264  \1$aCairo :$bHindawi
=264  31$a[London] :$b[Hindawi]
=310  \\$aAnnual
=336  \\$atext$2rdacontent
=337  \\$aunmediated$2rdamedia
=338  \\$avolume$2rdacarrier
=776  08$iAlso issued online as:$tMinimally invasive surgery$x2090-1453
=859  \\$aELD$bejournal
=852  41$aBritish Library$bHMNTS$jELD Digital store
=985  \\$aDescription based on ISSN Portal record (viewed August 14, 2018).
=985  \\$aISSN responsibility transferred from ISSN Egypt to ISSN UK, 2018.
=CAT  \\$a11205$b40$c20180814$lBLL01$h1433
=CAT  \\$a14586$b40$c20190311$lBLL01$h1120
=FIN  \\$aY$d20180814
=LET  \0$aMinimally invasive surgery (Print)
=LAS  \\$a14586$b40$c20190311$lBLL01$h1120

