=LDR  02056cas a2200541 i 4500
=001  019028515
=003  Uk
=005  20210217102122.0
=006  m\\\\\|\\d\|\\\\\\
=007  cr\|||||||||||
=008  180823c20129999enkar\p\o\\\\\0\\\a0eng\\
=FMT  \\$a  SE
=015  \\$aGBB8F6445$2bnb
=040  \\$aUk$beng$cUk$erda
=042  \\$aukblsr
=082  04$a338.4707043$223
=245  00$aReuters Institute digital news report.
=246  13$aDigital news report
=264  \1$aOxford :$bReuters Institute for the Study of Journalism
=300  \\$billustrations (colour)
=310  \\$aAnnual
=336  \\$atext$2rdacontent
=337  \\$acomputer$2rdamedia
=338  \\$aonline resource$2rdacarrier
=362  1\$aPrint began in 2012.
=588  \\$aDescription based on: 2018 issue; title from PDF title page.
=650  \0$aElectronic news gathering$vPeriodicals.
=650  \0$aDigital media$vPeriodicals.
=650  \0$aNews Web sites$vPeriodicals.
=650  \0$aElectronic newspapers$vPeriodicals.
=650  \0$aReporters and reporting$vPeriodicals.
=650  \0$aMass media$xAudiences$xResearch$vPeriodicals.
=650  \0$aMarket surveys$vPeriodicals.
=690  7\$aManagement and Business Studies$2blcoll
=710  2\$aUniversity of Oxford.$bReuters Institute for the Study of Journalism,$eissuing body.
=776  08$iAlso issued in print as:$tReuters Institute digital news report
=859  \\$aELD$bejournal
=852  41$aBritish Library$bHMNTS$jELD Digital store$3(2018)-
=CAT  \\$a3072$b40$c20180823$lBLL01$h1450
=CAT  \\$a3072$b40$c20180823$lBLL01$h1453
=CAT  \\$a3072$b40$c20180823$lBLL01$h1458
=CAT  \\$a3072$b40$c20180823$lBLL01$h1502
=CAT  \\$aBATCH-MBS$c20180831$lBLL01$h2124
=CAT  \\$a3072$b40$c20210217$lBLL01$h1021
=FIN  \\$aY$d20180823
=LET  \0$aReuters Institute digital news report (Electronic)
=LKR  \\$aPAR$b016475173$lBLL01$nReuters Institute digital news report (Print)$mReuters Institute digital news report (Online)$r776
=LAS  \\$a3072$b40$c20210217$lBLL01$h1021

