=LDR  02173cas a2200469 i 4500
=001  019051050
=003  Uk
=005  20180913121450.0
=006  m\\\\\|\\d\|\\\\\\
=007  cr\|||||||||||
=008  180912c201u9999enk\x\\\os\\\o0\\\a0eng\\
=FMT  \\$a  SE
=015  \\$aGBB8G9510$2bnb
=040  \\$aUk$beng$cUk$dUk$erda
=042  \\$aukblsr
=082  04$a304.60941021$223
=245  00$aOverview of the UK population /$cOffice for National Statistics.
=246  3\$aOverview of the United Kingdom population
=264  \1$a[Newport] :$bOffice for National Statistics
=300  \\$billustrations (colour)
=310  \\$aIrregular
=336  \\$atext$2rdacontent
=337  \\$acomputer$2rdamedia
=338  \\$aonline resource$2rdacarrier
=500  \\$aAt head of title: Article.
=500  \\$a"An overview of the UK population looking at the size and characteristics of the population; how the UK population has changed; how the UK population is projected to change; and how it compares to other European countries"
=588  \\$aDescription based on: November 2015 issue; title from PDF cover (ons.gov.uk, viewed September 12, 2018).
=588  \\$aLatest issue consulted: March 2017 (viewed September 12, 2018).
=650  \0$aPopulation forecasting$zGreat Britain$vStatistics$vPeriodicals.
=650  \0$aDemographic surveys$zGreat Britain$vStatistics$vPeriodicals.
=651  \0$aGreat Britain$xPopulation$vStatistics$vPeriodicals.
=690  7\$aSocial Welfare$2blcoll
=710  1\$aGreat Britain.$bOffice for National Statistics,$eissuing body.
=859  \\$aELD$bejournal
=852  41$aBritish Library$bHMNTS$jELD Digital store$3(2015:Nov.)-
=985  \\$aDon't think it is related to 018004215 "Population estimates for UK, England and Wales, Scotland and Northern Ireland" - last rec'd 2016 issue, as there is a Nov 2015 issue for this one; 4 irregular issues of this one so far.
=CAT  \\$a3072$b40$c20180912$lBLL01$h1457
=CAT  \\$a3072$b40$c20180912$lBLL01$h1458
=CAT  \\$a8124$b40$c20180913$lBLL01$h1214
=FIN  \\$aY$d20180912
=LET  \0$aOverview of the UK population (Electronic)
=LAS  \\$a8124$b40$c20180913$lBLL01$h1214

