=LDR  01886 as a2200469 i 4500
=001  019131040
=003  Uk
=005  20200128101946.0
=006  m\\\\\|\\d\|\\\\\\
=007  cr\|||||||||||
=008  181120d20172017enkfr\\\os\\\o0\\\a0eng\\
=FMT  \\$a  SE
=015  \\$aGBB8L2730$2bnb
=040  \\$aUk$beng$cUk$erda
=042  \\$aukblsr
=082  04$a338.10942021$223
=245  00$aAggregate farm accounts for England and the regions.
=246  1\$iWeb site link title:$aAgriculture in the English regions ...
=264  \1$a[York] :$bDepartment for Environment, Food and Rural Affairs,$c2018.
=300  \\$billustrations (colour)
=310  \\$aSemiannual
=336  \\$atext$2rdacontent
=337  \\$acomputer$2rdamedia
=338  \\$aonline resource$2rdacarrier
=362  0\$aFirst estimate for 2017.
=500  \\$aAt head of title: National statistics.
=500  \\$aTitle from PDF caption (GOV.UK, viewed November 20, 2018).
=650  \0$aAgriculture$zEngland$vStatistics$vPeriodicals.
=690  7\$aManagement and Business Studies$2blcoll
=710  1\$aGreat Britain.$bDepartment for Environment, Food & Rural Affairs,$eissuing body.
=780  00$tRegional level aggregate farm accounts for England
=785  06$tTotal income from farming in England
=785  06$tTotal income from farming for the regions of England
=859  \\$aELD$bejournal
=852  41$aBritish Library$bHMNTS$jELD Digital store$3Estimate 1(2017)
=CAT  \\$a3072$b40$c20181120$lBLL01$h1548
=CAT  \\$a8483$b40$c20190430$lBLL01$h1443
=CAT  \\$a8483$b40$c20200128$lBLL01$h1019
=FIN  \\$aY$d20181120
=LET  \0$aAggregate farm accounts for England and the regions (Electronic)
=LKR  \\$aPAR$b019131039$lBLL01$nRegional level aggregate farm accounts for England$mAggregate farm accounts for England and the regions$r78000
=LAS  \\$a8483$b40$c20200128$lBLL01$h1019

