=LDR  01928cas a2200457 i 4500
=001  019187411
=003  Uk
=005  20181219090027.0
=006  m\\\\\|\\d\|\\\\\\
=007  cr\|||||||||||
=008  181219c20189999wlkqr\\\o\s\\o0\\\a0eng\\
=FMT  \\$a  SE
=015  \\$aGBB8O1072$2bnb
=040  \\$aUk$beng$cUk$erda
=042  \\$aukblsr
=082  04$a339.341$223
=245  00$aGDP first quarterly estimate, UK.
=246  3\$aGross domestic product first quarterly estimate, United Kingdom
=264  \1$a[Newport] :$bOffice for National Statistics,$c2018-
=300  \\$billustrations (colour).
=310  \\$aQuarterly
=336  \\$atext$2rdacontent
=337  \\$acomputer$2rdamedia
=338  \\$aonline resource$2rdacarrier
=362  0\$aApril to June 2018-
=490  1\$aStatistical bulletin / Office for National Statistics
=500  \\$aFirst quarterly estimate of gross domestic product (GDP), containing current and constant price data on the value of goods and services to indicate the economic performance of the UK.
=500  \\$aTitle from PDF caption (ons.gov.uk, viewed December 19, 2018).
=588  \\$aLatest issue consulted: July to September 2018 (viewed December 19, 2018).
=650  \0$aGross domestic product$zGreat Britain$vStatistics$vPeriodicals.
=690  7\$aManagement and Business Studies$2blcoll
=710  1\$aGreat Britain.$bOffice for National Statistics,$eissuing body.
=787  0\$tGDP monthly estimate, UK
=830  \0$aStatistical bulletin (Great Britain. Office for National Statistics)
=859  \\$aELD$bejournal
=852  41$aBritish Library$bHMNTS$jELD Digital store$3(2018:Apr./Jun.)-
=CAT  \\$a8124$b40$c20181219$lBLL01$h0900
=FIN  \\$aY$d20181219
=LET  \0$aGDP first quarterly estimate, UK (Electronic)
=LKR  \\$aPAR$b019179146$lBLL01$r787$mGDP first quarterly estimate, UK$nGDP monthly estimate, UK
=LAS  \\$a8124$b40$c20181219$lBLL01$h0900

