=LDR  02394 as a2200421 i 4500
=001  019197846
=003  Uk
=005  20190624165949.0
=006  m\\\\\|\\d\|\\\\\\
=007  cr\|||||||||||
=008  190103c200u9999enkfr\p\o\\\\\0\\\a0eng\\
=FMT  \\$a  SE
=040  \\$aUk$beng$cUk$erda
=042  \\$aukblsr
=082  04$a616.89005$223
=110  2\$aBritish Psychological Society.$bFaculty of Psychosis & Complex Mental Health,$eauthor.
=245  10$aPsychosis & Complex Mental Health Faculty newsletter /$cThe British Psychological Society.
=246  3\$aPsychosis and Complex Mental Health Faculty newsletter
=246  3\$aP&CMH Faculty newsletter
=264  \1$a[Leicester] :$b[The British Psychological Society],$c[2007?]-
=310  \\$aSemiannual
=336  \\$atext$2rdacontent
=337  \\$acomputer$2rdamedia
=338  \\$aonline resource$2rdacarrier
=500  \\$aAt head of title: The British Psychological Society, from <2017> : The British Psychological Society, Division of Clinical Psychology, Faculty of Psychosis & Complex Mental Health.
=588  \\$aDescription based on: issue 4 (May 2009); title from PDF caption.
=588  \\$aLatest issue consulted: issue 20 (Jan 2017).
=610  20$aBritish Psychological Society.$bFaculty of Psychosis & Complex Mental Health$vPeriodicals.
=776  08$iAlso issued in print as:$aBritish Psychological Society. Faculty of Psychosis & Complex Mental Health.$tPsychosis & Complex Mental Health Faculty newsletter
=859  \\$aELD$bejournal
=852  41$aBritish Library$bHMNTS$jELD Digital store$3Issue 4(2009:May.)-Issue 20(2017:Jan.)
=985  \\$aBit of an unusual one, in that we just need to take the back issues online i.e. with closed admin data. Jan 2018- issues on the print title on 018991104. They can only supply online back issues now. Paul confirms ok to take back issues online. It will look a bit messy particularly if/when the print stops and we revert to online, but at least we will have all the issues, one way or another.
=CAT  \\$a3072$b40$c20190103$lBLL01$h1556
=CAT  \\$a3072$b40$c20190624$lBLL01$h1653
=CAT  \\$a3072$b40$c20190624$lBLL01$h1659
=FIN  \\$aY$d20190103
=LKR  \\$aPAR$b018991104$lBLL01$nPsychosis & Complex Mental Health Faculty newsletter (Print)$mPsychosis & Complex Mental Health Faculty newsletter (Online)$r776
=LAS  \\$a3072$b40$c20190624$lBLL01$h1659

