=LDR  01839cas a2200469 i 4500
=001  019247642
=003  Uk
=005  20190207153625.0
=006  m\\\\\|\\d\|\\\\\\
=007  cr\|||||||||||
=008  190207c20189999stkqr\\\os\\\o0\\\a0eng\\
=FMT  \\$a  SE
=015  \\$aGBB927549$2bnb
=040  \\$aUk$beng$cUk$erda
=042  \\$aukblsr
=082  04$a339.3411021$223
=245  00$aGDP quarterly national accounts Scotland.
=246  3\$aGross domestic product quarterly national accounts Scotland
=264  \1$a[Edinburgh] :$bScottish Government
=300  \\$billustrations (colour).
=310  \\$aQuarterly
=336  \\$atext$2rdacontent
=337  \\$acomputer$2rdamedia
=338  \\$aonline resource$2rdacarrier
=362  0\$a2018, quarter 2-
=490  0\$aStatistical bulletin. Economy and labour market
=500  \\$a"A National Statistics publication for Scotland".
=500  \\$aTitle from PDF caption (gov.scot, viewed February 7, 2019).
=588  \\$aLatest issue consulted: 2018, quarter 3 (July/September) (viewed February 7, 2019).
=650  \0$aGross domestic product$zScotland$vStatistics$vPeriodicals.
=651  \0$aScotland$xEconomic conditions$vStatistics$vPeriodicals.
=690  7\$aManagement and Business Studies$2blcoll
=710  1\$aScotland.$bScottish Government,$eissuing body.
=780  00$tQuarterly national accounts Scotland
=859  \\$aELD$bejournal
=852  41$aBritish Library$bHMNTS$jELD Digital store$3Quarter 2(2018)-
=CAT  \\$a3072$b40$c20190207$lBLL01$h1157
=CAT  \\$a3072$b40$c20190207$lBLL01$h1536
=FIN  \\$aY$d20190207
=LET  \0$aGDP quarterly national accounts Scotland (Electronic)
=LKR  \\$aPAR$b018465018$lBLL01$r78000$mGDP quarterly national accounts Scotland.$nQuarterly national accounts Scotland.
=LAS  \\$a3072$b40$c20190207$lBLL01$h1536

