=LDR  01959 as a2200517 i 4500
=001  019266851
=003  Uk
=005  20190502092107.0
=006  m\\\\\o\\d\\\\\\\\
=007  cr\|||||||||||
=008  150503d20142017nyuuu\p\o\\\\\0\\\a0eng\d
=FMT  \\$a  SE
=010  \\$a  2016207068
=022  \\$a2314-7725
=035  \\$a(OCoLC)908321139
=037  \\$aISSN_23566795$bPortico$nHindawi
=040  \\$aHNK$beng$cHNK$dCUS$dCUI$dOCLCO$dOCLCF$dOCLCO$dOCLCQ$dDLC$dOCLCO$dOCLCQ$dOCLCO$dNOC$dUAB$dVT2$dSTF$dU3W$dOCLCO$dOCLCQ$dVDB$dCRU$dOCLCO$dUk$erda$epn
=042  \\$aukblsr
=050  00$aRT1
=082  04$a610.73$223
=210  0\$aAdv. nurs.$b(Online)
=222  \0$aAdvances in nursing$b(Online)
=245  00$aAdvances in nursing.
=264  \1$aNew York, NY :$bHindawi Publishing Corporation,$c[2014]-2017.
=300  \\$a1 online resource
=336  \\$atext$2rdacontent
=337  \\$acomputer$2rdamedia
=338  \\$aonline resource$2rdacarrier
=362  1\$aBegan with Volume 2014; ceased in 2017.
=515  \\$aArticles are added continuously to each volume, one volume per calendar year.
=588  \\$aDescription based on: Volume 2014; title from journal home page (publisher's Web site, viewed Apr. 30, 2015).
=588  \\$aLatest issue consulted: Volume 2016 (publisher's Web site, viewed April 13, 2016).
=650  \0$aNursing$vPeriodicals.
=650  \7$aNursing.$2fast$0(OCoLC)fst01041731
=650  \2$aNursing.
=655  \7$aPeriodicals.$2fast$0(OCoLC)fst01411641
=710  2\$aHindawi Publishing Corporation,$eissuing body.
=776  08$iPrint version:$tAdvances in nursing$x2356-6795
=859  \\$aELD$bejournal
=852  41$aBritish Library$bHMNTS$jELD Digital store$3Volume 2014(2014)-Volume 2017(2017)
=CAT  \\$a14412$b40$c20190225$lBLL01$h1228
=CAT  \\$a10969$b40$c20190502$lBLL01$h0921
=FIN  \\$aY$d20190502
=MNI  \\$a2356-6795
=SID  \\$aZ39$bOCLC
=LAS  \\$a10969$b40$c20190502$lBLL01$h0921

