=LDR  02118cas a2200517 i 4500
=001  019332908
=003  Uk
=005  20190328150619.0
=006  m\\\\\|\\d\|\\\\\\
=007  cr\|||||||||||
=008  190328c20019999oncar\p\o\\\\\0\\\a0eng\\
=FMT  \\$a  SE
=015  \\$aGBB957122$2bnb
=022  0\$a2561-925X
=040  \\$aUk$beng$cUk$erda
=042  \\$aukblsr
=082  04$a192$223
=222  \0$aLocke studies
=245  00$aLocke studies.
=264  \1$aLancaster :$bCentre for Philosophy, IEPPP, Lancaster University,$c2001-
=264  21$aYork, United Kingdom :$bTimothy Stanton
=264  21$a[Place of publication not identified] :$bJohn Locke Society
=264  31$32018-$aLondon, ON, Canada :$bWestern Libraries, University of Western Ontario ;$a[Place of publication not identified] :$bJohn Locke Society
=336  \\$atext$2rdacontent
=337  \\$acomputer$2rdamedia
=338  \\$aonline resource$2rdacarrier
=362  1\$aPrint began with volume 1 in 2001.
=500  \\$aArticles added as accepted and archived in an annual volume.
=588  \\$aDescription based on: Print version record.
=588  \\$aLatest issue consulted: volume 19, article 1, p. 1-34 (6 February 2019) (Publisher's Web site, viewed March 28, 2019).
=600  10$aLocke, John,$d1632-1704$vPeriodicals.
=650  \0$aEmpiricism$vPeriodicals.
=650  \0$aPhilosophy, English$y17th century$vPeriodicals.
=700  1\$aHall, Roland,$epublisher.
=710  2\$aUniversity of York.$bDepartment of Politics,$eissuing body.
=710  2\$aUniversity of Lancaster.$bCentre for Philosophy,$eissuing body.
=710  2\$aJohn Locke Society,$eissuing body.
=776  08$iPrint version -2017:$tLocke studies$x1476-0290
=859  \\$aELD$bejournal
=852  41$aBritish Library$bHMNTS$jELD Digital store$3Volume 18(2018)-
=CAT  \\$a8124$b40$c20190328$lBLL01$h0855
=CAT  \\$a11315$b40$c20190328$lBLL01$h1506
=FIN  \\$aY$d20190328
=LET  \0$aLocke studies (Electronic)
=LKR  \\$aPAR$b009913795$lBLL01$nLocke studies (Print)$mLocke studies (Online)$r776
=LAS  \\$a11315$b40$c20190328$lBLL01$h1506

