=LDR  00986 as a22002895i 4500
=001  019370029
=003  Uk
=005  20190607093925.0
=006  m\\\\\|\\d\|\\\\\\
=007  cr\|||||||||||
=008  190417c\\\\9999\\\\\\p\o\\\\\0\\\a0eng\\
=FMT  \\$a  SE
=022  \\$a1532-6268
=037  \\$aISSN_0749503X_33$bPortico$nHindawi
=245  00$aYeast
=264  \1$bHindawi
=336  \\$atext$2rdacontent
=337  \\$acomputer$2rdamedia
=338  \\$aonline resource$2rdacarrier
=859  \\$aELD$bejournal
=852  41$aBritish Library$bHMNTS$jELD Digital store
=985  \\$aELD accessioning record awaiting upgrade
=985  \\$a***Content arriving on this record may ultimately be moved to BIB 13356598 - Record left for now to enable delivery of content from Hindawi - see Richard (Leeds) for further info. (07/06/19)***
=CAT  \\$a9667$b40$c20190417$lBLL01$h0830
=CAT  \\$a10806$b40$c20190607$lBLL01$h0939
=MNI  \\$a0749-503X
=LAS  \\$a10806$b40$c20190607$lBLL01$h0939

