=LDR  01995cas a2200469 i 4500
=001  019397288
=003  Uk
=005  20211214142339.0
=006  m\\\\\|\\d\|\\\\\\
=007  cr\|||||||||||
=008  190508d201u2018enkar\\\o\\\\o0\\\a0eng\\
=FMT  \\$a  SE
=015  \\$aGBB986272$2bnb
=040  \\$aUk$beng$cUk$erda
=042  \\$aukblsr
=082  04$a361.060942275$223
=110  2\$aCitizens Advice New Forest,$eauthor.
=245  10$aOur annual review /$cCitizens Advice New Forest.
=246  1\$iPDF running title:$aImpact report
=246  13$aAnnual review
=264  \1$aLymington :$bCitizens Advice New Forest
=300  \\$billustrations (colour)
=310  \\$aAnnual
=336  \\$atext$2rdacontent
=337  \\$acomputer$2rdamedia
=338  \\$aonline resource$2rdacarrier
=362  1\$aCeased in 2018.
=588  \\$aDescription based on: 2017/18; title from PDF cover (publisher's Web site, viewed May 8, 2019).
=610  20$aCitizens Advice New Forest$vPeriodicals.
=690  7\$aSocial Welfare$2blcoll
=776  08$iAlso issued in print as:$aCitizens Advice New Forest.$tAnnual review
=859  \\$aELD$bejournal
=852  41$aBritish Library$bHMNTS$jELD Digital store$3(2017/2018)
=985  \\$aMix-up over receipt of print -2017/18 marked both rec'd and deficient & publisher not best pleased for claim for 2017/18 (already sent) & 2018/19 before it was published; upshot seems to have been decision to take online ones from website, with unnecessary duplication of effort for cataloguing.
=985  \\$aEvidence on web of an Annual report for 2019/2020, which could be a succeeding title.
=CAT  \\$a3072$b40$c20190508$lBLL01$h1511
=CAT  \\$a3072$b40$c20190508$lBLL01$h1610
=CAT  \\$a8483$b40$c20211214$lBLL01$h1423
=FIN  \\$aY$d20190508
=LET  \0$aAnnual review - Citizens Advice New Forest (Electronic)
=LKR  \\$aPAR$b019241853$lBLL01$nAnnual review (Print)$mAnnual review (Online)$r776
=LAS  \\$a8483$b40$c20211214$lBLL01$h1423

