=LDR  01402cas a2200409 i 4500
=001  019405118
=003  Uk
=005  20190516121322.0
=006  m\\\\\|\\d\|\\\\\\
=007  cr\|||||||||||
=008  190516c20189999enkar\\\o\\\\o0\\\a0eng\\
=FMT  \\$a  SE
=015  \\$aGBB990424$2bnb
=040  \\$aUk$beng$cUk$erda
=042  \\$aukblsr
=082  04$a347.42017$223
=110  1\$aGreat Britain.$bLegal Aid Agency,$eauthor.
=245  10$aOur business plan /$cLegal Aid Agency.
=246  13$aBusiness plan
=264  \1$a[London] :$bLegal Aid Agency,$c2018-
=310  \\$aAnnual
=336  \\$atext$2rdacontent
=337  \\$acomputer$2rdamedia
=338  \\$aonline resource$2rdacarrier
=362  0\$a2018/19-
=500  \\$aTitle from PDF cover (publisher's Web site, viewed May 16, 2019).
=610  10$aGreat Britain.$bLegal Aid Agency$vPeriodicals.
=650  \0$aLegal aid$zEngland$vPeriodicals.
=650  \0$aLegal aid$zWales$vPeriodicals.
=780  00$aGreat Britain. Legal Aid Agency.$tOur vision for ... and business plan
=859  \\$aELD$bejournal
=852  41$aBritish Library$bHMNTS$jELD Digital store$3(2018/2019)-
=CAT  \\$a3072$b40$c20190516$lBLL01$h1203
=CAT  \\$a3072$b40$c20190516$lBLL01$h1213
=FIN  \\$aY$d20190516
=LKR  \\$aPAR$b018870790$lBLL01$nOur vision for ... and business plan$mOur business plan$r78000
=LAS  \\$a3072$b40$c20190516$lBLL01$h1213

