=LDR  00839cas a22002775i 4500
=001  019408704
=003  Uk
=005  20191209111609.0
=006  m\\\\\|\\d\|\\\\\\
=007  cr\|||||||||||
=008  190520c\\\\9999\\\\\\p\o\\\\\0\\\a0eng\\
=FMT  \\$a  SE
=022  \\$y1550-1906
=037  \\$acjx$bSage (UK) Ltd
=245  00$aCollections$ba journal for museum and archives professionals:
=264  \1$bSage
=336  \\$atext$2rdacontent
=337  \\$acomputer$2rdamedia
=338  \\$aonline resource$2rdacarrier
=859  \\$aELD$bejournal
=852  41$aBritish Library$bHMNTS$jELD Digital store$3Volume 9:Issue 1(2013)-
=985  \\$aELD accessioning record awaiting upgrade
=CAT  \\$a10983$b40$c20190520$lBLL01$h1049
=CAT  \\$a15190$b40$c20191209$lBLL01$h1116
=MNI  \\$a1550-1906
=LAS  \\$a15190$b40$c20191209$lBLL01$h1116

