=LDR  02148cas a2200541 i 4500
=001  019408713
=003  Uk
=005  20191107120012.0
=006  m\\\\\|\\d\|\\\\\\
=007  cr\|||||||||||
=008  190520c19999999enktr\p\o\\\\\0\\\a0eng\\
=FMT  \\$a  SE
=015  \\$aGBB9I3686$2bnb
=022  \\$a1558-5271
=037  \\$aISSN_15376370$bPortico$nBerghahn Journals
=040  \\$aUk$beng$cUk$erda
=041  0\$aeng$afre
=042  \\$aissnuk$aukblsr
=082  04$a320.944$223
=222  \0$aFrench politics, culture and society$b(Online)
=245  00$aFrench politics, culture & society.
=264  \1$a[Oxford] :$bBerghahn Journals
=310  \\$aThree times a year
=336  \\$atext$2rdacontent
=337  \\$acomputer$2rdamedia
=338  \\$aonline resource$2rdacarrier
=362  1\$aPrint began with vol. 17, no. 3/4 (summer/fall 1999)-
=546  \\$aText in English and French.
=588  \\$aDescription based on: print version record.
=588  \\$aLatest issue consulted: volume 37 (2019) (publisher's website, viewed November 7, 2019).
=651  \0$aFrance$xPolitics and government$y1958-$vPeriodicals.
=651  \0$aFrance$xCivilization$y1945-$vPeriodicals.
=651  \0$aFrance$xSocial conditions$vPeriodicals.
=651  \0$aFrance$xHistory$y20th century$vPeriodicals.
=651  \0$aFrance$xHistory$y21st century$vPeriodicals.
=710  2\$aConference Group on French Politics and Society.
=710  2\$aNew York University.$bInstitute of French Studies.
=710  2\$aMinda de Gunzburg Center for European Studies (Harvard University)
=776  08$iAlso issued in print as:$tFrench politics, culture and society$x1558-5271
=859  \\$aELD$bejournal
=852  41$aBritish Library$bHMNTS$jELD Digital store$3Volume 37:Issue 1(2019)-
=CAT  \\$a15190$b40$c20190520$lBLL01$h1100
=CAT  \\$a8055$b40$c20190821$lBLL01$h1132
=CAT  \\$a5110$b40$c20191107$lBLL01$h1200
=FIN  \\$aY$d20191107
=LKR  \\$aPAR$b008536938$lBLL01$nFrench politics, culture and society (Print)$mFrench politics, culture and society (Online)$r776
=MNI  \\$a1537-6370
=LAS  \\$a5110$b40$c20191107$lBLL01$h1200

