=LDR  00772cas a22002655i 4500
=001  019415922
=003  Uk
=005  20190525100303.0
=006  m\\\\\|\\d\|\\\\\\
=007  cr\|||||||||||
=008  190525c\\\\9999\\\\\\p\o\\\\\0\\\a0eng\\
=FMT  \\$a  SE
=022  \\$y0790-2328
=037  \\$a???$bSpringer
=245  00$aDublin Quarterly Journal of Medical Science:
=264  \1$bSpringer
=336  \\$atext$2rdacontent
=337  \\$acomputer$2rdamedia
=338  \\$aonline resource$2rdacarrier
=859  \\$aELD$bejournal
=852  41$aBritish Library$bHMNTS$jELD Digital store$3Volume 2:Issue 2(1846)-
=985  \\$aELD accessioning record awaiting upgrade
=CAT  \\$a10983$b40$c20190525$lBLL01$h1003
=MNI  \\$a0790-2328
=LAS  \\$a10983$b40$c20190525$lBLL01$h1003

