=LDR  01032cas a22003138i 4500
=001  019420509
=003  Uk
=005  20220912111935.0
=006  m\\\\\\\\d\|\\\\\\
=007  cr||||||||||||
=008  190530c20199999enkar\p\o\\\\\0\\\a0eng\\
=FMT  \\$a  SE
=022  0\$a2632-7635$202
=037  \\$aISSN_26327635_75$bPortico$nEmerald
=040  \\$aUk$beng$cUk$erda
=222  \0$aTeaching cases published by Fudan University Management School
=245  00$aTeaching cases published by Fudan University Management School.
=263  \\$a201911
=264  \1$aBingley :$bEmerald Publishing Ltd
=310  \\$aAnnual
=336  \\$atext$2rdacontent
=337  \\$acomputer$2rdamedia
=338  \\$aonline resource$2rdacarrier
=859  \\$aELD$bejournal
=852  41$aBritish Library$bHMNTS$jELD Digital store
=CAT  \\$a11313$b40$c20190530$lBLL01$h1111
=CAT  \\$a10902$b40$c20220912$lBLL01$h1119
=LET  \0$aTeaching cases published by Fudan University Management School (Electronic)
=LAS  \\$a10902$b40$c20220912$lBLL01$h1119

