=LDR  01066cas a22003255i 4500
=001  019476509
=003  Uk
=005  20210730132447.0
=006  m\\\\\|\\d\|\\\\\\
=007  cr\|||||||||||
=008  190723c\\\\9999\\\\\\p\o\\\\\0\\\a0eng\\
=FMT  \\$a  SE
=022  \\$a2090-9810
=037  \\$aISSN_09734945$bPortico$nHindawi
=245  00$aE-Journal of Chemistry
=264  \1$bHindawi
=336  \\$atext$2rdacontent
=337  \\$acomputer$2rdamedia
=338  \\$aonline resource$2rdacarrier
=540  \\$aBritish Library not licensed to copy$c0$5Uk
=859  \\$aELD$bejournal
=852  41$aBritish Library$bHMNTS$jELD Digital store$3Volume 1:Issue 1(2004)-Volume 9:Issue 4(2012)
=945  \\$aE Journal of Chemistry
=979  \\$aBritish Library$cDSC$j3637.843000N
=985  \\$aELD accessioning record awaiting upgrade
=CAT  \\$a15005$b40$c20190723$lBLL01$h1127
=CAT  \\$a8055$b40$c20210730$lBLL01$h1324
=CFI  0\$aBritish Library not licensed to copy$c0$e30-jul-2021$hC$iTX$5Uk
=MNI  \\$a0973-4945
=LAS  \\$a8055$b40$c20210730$lBLL01$h1324

