=LDR  00783 as a22002655i 4500
=001  019536092
=003  Uk
=005  20190905162107.0
=006  m\\\\\|\\d\|\\\\\\
=007  cr\|||||||||||
=008  190905c\\\\9999\\\\\\p\o\\\\\0\\\a0eng\\
=FMT  \\$a  SE
=022  \\$a1875-922X
=037  \\$aISSN_07124813$bPortico$nHindawi
=245  00$aSpectroscopy
=264  \1$bHindawi
=336  \\$atext$2rdacontent
=337  \\$acomputer$2rdamedia
=338  \\$aonline resource$2rdacarrier
=859  \\$aELD$bejournal
=852  41$aBritish Library$bHMNTS$jELD Digital store$3Volume 13:Issue 2(1997)-Volume 27:Issue 5/6(2012)
=985  \\$aELD accessioning record awaiting upgrade
=CAT  \\$a14586$b40$c20190905$lBLL01$h1621
=MNI  \\$a0712-4813
=LAS  \\$a14586$b40$c20190905$lBLL01$h1621

