=LDR  00750cas a22002535i 4500
=001  019547339
=003  Uk
=005  20190918120623.0
=006  m\\\\\|\\d\|\\\\\\
=007  cr\|||||||||||
=008  190918c\\\\9999\\\\\\p\o\\\\\0\\\a0eng\\
=FMT  \\$a  SE
=022  \\$a1875-0281
=037  \\$a???$bUbiquity Press
=245  00$aInternational Journal of the Commons
=264  \1$bUbiquity Press
=336  \\$atext$2rdacontent
=337  \\$acomputer$2rdamedia
=338  \\$aonline resource$2rdacarrier
=859  \\$aELD$bejournal
=852  41$aBritish Library$bHMNTS$jELD Digital store$3Volume 2:Issue 2(2008)-
=985  \\$aELD accessioning record awaiting upgrade
=CAT  \\$a14586$b40$c20190918$lBLL01$h1206
=LAS  \\$a14586$b40$c20190918$lBLL01$h1206

