=LDR  01610cas a2200421 i 4500
=001  019552066
=003  Uk
=005  20190924091040.0
=006  m\\\\\|\\d\|\\\\\\
=007  cr\|||||||||||
=008  190924c200u9999enkar\\\o\\\\\0\\\a0eng\\
=FMT  \\$a  SE
=015  \\$aGBB9G1061$2bnb
=040  \\$aUk$beng$cUk$erda
=042  \\$aukblsr
=082  04$a338.6041$223
=245  00$aGlobal intangible finance tracker :$ban annual review of the world's intangible value /$cBrand Finance.
=246  10$aGIFT
=264  \1$a[London] :$bBrand Finance
=300  \\$billustrations (black and white, and colour)
=310  \\$aAnnual
=336  \\$atext$2rdacontent
=337  \\$acomputer$2rdamedia
=338  \\$aonline resource$2rdacarrier
=588  \\$aDescription based on: 2016 issue ; title from PDF cover (publisher's website, viewed September 24, 2019).
=588  \\$aLatest issue consulted: 2018 (viewed September 24, 2019).
=650  \0$aIntangible property$vPeriodicals.
=650  \0$aCorporations$xFinance$vPeriodicals.
=690  7\$aManagement and Business Studies$2blcoll
=710  2\$aBrand Finance,$eissuing body.
=776  08$iAlso issued in print as:$tGlobal intangible finance tracker
=859  \\$aELD$bejournal
=852  41$aBritish Library$bHMNTS$jELD Digital store$3(2018)-
=CAT  \\$a8124$b40$c20190924$lBLL01$h0910
=FIN  \\$aY$d20190924
=LET  \0$aGlobal intangible finance tracker (Electronic)
=LKR  \\$aPAR$b015512943$lBLL01$r776$mGlobal intangible finance tracker (Online)$nGlobal intangible finance tracker (Print)
=LAS  \\$a8124$b40$c20190924$lBLL01$h0910

