=LDR  00794cas a22002535i 4500
=001  019571883
=003  Uk
=005  20221017143642.0
=006  m\\\\\|\\d\|\\\\\\
=007  cr\|||||||||||
=008  191010c\\\\9999\\\\\\p\o\\\\\0\\\a0eng\\
=FMT  \\$a  SE
=037  \\$aISSN_1352237X$bPortico$nHindawi
=245  00$aJournal of Neural Transplatation
=264  \1$bHindawi
=336  \\$atext$2rdacontent
=337  \\$acomputer$2rdamedia
=338  \\$aonline resource$2rdacarrier
=859  \\$aELD$bejournal
=852  41$aBritish Library$bHMNTS$jELD Digital store$3Volume 1 Number 1 (1989)- Vol.1 No. 3/4 (1989)
=985  \\$aELD accessioning record awaiting upgrade
=CAT  \\$a8311$b40$c20191010$lBLL01$h1415
=CAT  \\$a6811$b40$c20221017$lBLL01$h1436
=LAS  \\$a6811$b40$c20221017$lBLL01$h1436

