=LDR  01845cas a2200469 i 4500
=001  019638182
=003  Uk
=005  20221121152810.0
=006  m\\\\\|\\d\|\\\\\\
=007  cr\|||||||||||
=008  191205d20192019enkqr\\\o\\\\\0\\\a0eng\\
=FMT  \\$a  SE
=015  \\$aGBB9J8313$2bnb
=040  \\$aUk$beng$cUk$dUk$erda
=042  \\$aukblsr
=082  04$a332.6324$223
=245  00$aUnited Kingdom multifamily investment /$cCBRE.
=246  1\$iWeb link title:$aUK residential investment marketview$f<2019, Q3>
=264  \1$a[London] :$bCBRE
=300  \\$billustrations (colour).
=310  \\$aQuarterly
=336  \\$atext$2rdacontent
=337  \\$acomputer$2rdamedia
=338  \\$aonline resource$2rdacarrier
=362  0\$a2019, Q3-
=490  0\$aMarketView
=500  \\$aTitle from PDF caption.
=650  \0$aApartment houses$xEconomic aspects$zGreat Britain$vPeriodicals.
=650  \0$aInstitutional investments$zGreat Britain$vPeriodicals.
=650  \0$aReal estate investment$zGreat Britain$vPeriodicals.
=650  \0$aResidential real estate$xEconomic aspects$zGreat Britain$vPeriodicals.
=690  7\$aManagement and Business Studies$2blcoll
=780  00$tUK residential investment
=710  2\$aCBRE Research.
=859  \\$aELD$bejournal
=852  41$aBritish Library$bHMNTS$jELD Digital store$3Quarter 3(2019)
=985  \\$aThis housing market institutional investment seems to focus on development of flats/apartments/dwellings under one roof, within a complex - particularly in London - presumbly accounting for the C/T to Multifamily.
=CAT  \\$a3072$b40$c20191205$lBLL01$h1430
=CAT  \\$a8124$b40$c20221121$lBLL01$h1528
=FIN  \\$aY$d20191205
=LKR  \\$aPAR$b016471393$lBLL01$nUKresidential investment$mUnited Kingdom multifamily investment$r78000
=LAS  \\$a8124$b40$c20221121$lBLL01$h1528

