=LDR  00851cas a22003018i 4500
=001  019656717
=003  Uk
=005  20220820105621.0
=006  m\\\\\\\\d\|\\\\\\
=007  cr||||||||||||
=008  191231c20209999enkqr\p\o\\\\\0\\\a0eng\\
=FMT  \\$a  SE
=022  0\$a2633-4992$202
=037  \\$a???$bInderscience
=040  \\$aUk$beng$cUk$erda
=222  \0$aNordic journal of tourism
=245  00$aNordic journal of tourism.
=263  \\$a202012
=264  \1$aOlney :$bInderscience Publishers
=310  \\$aQuarterly
=336  \\$atext$2rdacontent
=337  \\$acomputer$2rdamedia
=338  \\$aonline resource$2rdacarrier
=859  \\$aELD$bejournal
=852  41$aBritish Library$bHMNTS$jELD Digital store
=CAT  \\$a10973$b40$c20191231$lBLL01$h1106
=CAT  \\$a10983$b40$c20220820$lBLL01$h1056
=LAS  \\$a10983$b40$c20220820$lBLL01$h1056

