=LDR  01876cas a2200493 i 4500
=001  019668991
=003  Uk
=005  20200109162012.0
=006  m\\\\\|\\d\|\\\\\\
=007  cr\|||||||||||
=008  200109c20189999wlkar\\\os\\\o0\\\a0eng\\
=FMT  \\$a  SE
=015  \\$aGBC004421$2bnb
=040  \\$aUk$beng$cUk$erda
=042  \\$aukblsr
=082  04$a362.1982009429021$223
=245  00$aMaternity and birth statistics, Wales.
=264  \1$a[Cardiff] :$bWelsh Government,$c2019-
=310  \\$aAnnual
=336  \\$atext$2rdacontent
=337  \\$acomputer$2rdamedia
=338  \\$aonline resource$2rdacarrier
=362  0\$a2018-
=490  1\$aStatistical first release
=550  \\$aAt head of title: Ystadegau ar gyfer Cymru = Statistics for Wales.
=500  \\$aTitle from PDF caption (Gov.Wales, viewed January 9, 2020).
=650  \0$aMaternal health services$zWales$vStatistics$vPeriodicals.
=650  \0$aHospitals$xMaternity services$zWales$vStatistics$vPeriodicals.
=650  \0$aDelivery (Obstetrics)$zWales$vStatistics$vPeriodicals.
=690  7\$aSocial Welfare$2blcoll
=710  1\$aWales.$bWelsh Government,$eissuing body.
=780  00$tMaternity statistics Wales
=830  \0$aStatistical first release (Wales. Welsh Government)
=859  \\$aELD$bejournal
=852  41$aBritish Library$bHMNTS$jELD Digital store$3(2018)-
=985  \\$aLooks to be a continuation of 018517451, with a broadening of scope.
=CAT  \\$a3072$b40$c20200109$lBLL01$h1459
=CAT  \\$a3072$b40$c20200109$lBLL01$h1500
=CAT  \\$a3072$b40$c20200109$lBLL01$h1504
=CAT  \\$a3072$b40$c20200109$lBLL01$h1620
=FIN  \\$aY$d20200109
=LET  \0$aMaternity and birth statistics, Wales (Electronic)
=LKR  \\$aPAR$b018517451$lBLL01$nMaternity statistics Wales$mMaternity and birth statistics, Wales$r78000
=LAS  \\$a3072$b40$c20200109$lBLL01$h1620

