=LDR  00792cas a22002655i 4500
=001  019672711
=003  Uk
=005  20200113170752.0
=006  m\\\\\|\\d\|\\\\\\
=007  cr\|||||||||||
=008  200113c\\\\9999\\\\\\p\o\\\\\0\\\a0eng\\
=FMT  \\$a  SE
=022  \\$a2151-2043
=037  \\$aISSN_21512041_17$bPortico$nInstitute of Physics Publishing
=245  00$aECS Meeting Abstracts
=264  \1$bInstitute of Physics Publishing
=336  \\$atext$2rdacontent
=337  \\$acomputer$2rdamedia
=338  \\$aonline resource$2rdacarrier
=859  \\$aELD$bejournal
=852  41$aBritish Library$bHMNTS$jELD Digital store
=985  \\$aELD accessioning record awaiting upgrade
=CAT  \\$a14586$b40$c20200113$lBLL01$h1707
=MNI  \\$a2151-2041
=LAS  \\$a14586$b40$c20200113$lBLL01$h1707

