=LDR  00854cas a22003018i 4500
=001  020582373
=003  Uk
=005  20220924085232.0
=006  m\\\\\\\\d\|\\\\\\
=007  cr||||||||||||
=008  220511c20239999enkqr\p\o\\\\\0\\\a0eng\\
=FMT  \\$a  SE
=022  0\$a2753-8796$202
=037  \\$a???$bSage (UK) Ltd
=040  \\$aUk$beng$cUk$erda
=222  \0$aEnvironment and security$b(Qualify)
=245  00$aEnvironment and security.
=263  \\$a202303
=264  \1$aLondon :$bSAGE Publishing
=310  \\$aQuarterly
=336  \\$atext$2rdacontent
=337  \\$acomputer$2rdamedia
=338  \\$aonline resource$2rdacarrier
=859  \\$aELD$bejournal
=852  41$aBritish Library$bHMNTS$jELD Digital store
=CAT  \\$a10973$b40$c20220511$lBLL01$h1406
=CAT  \\$a10983$b40$c20220924$lBLL01$h0852
=LAS  \\$a10983$b40$c20220924$lBLL01$h0852

