=LDR  00755cas a22002655i 4500
=001  020582782
=003  Uk
=005  20220512143109.0
=006  m\\\\\|\\d\|\\\\\\
=007  cr\|||||||||||
=008  220512c\\\\9999\\\\\\p\o\\\\\0\\\a0eng\\
=FMT  \\$a  SE
=022  \\$a2277-3347
=037  \\$a???$bSpringer
=245  00$aIndian Geotechnical Journal
=264  \1$bSpringer
=336  \\$atext$2rdacontent
=337  \\$acomputer$2rdamedia
=338  \\$aonline resource$2rdacarrier
=859  \\$aELD$bejournal
=852  41$aBritish Library$bHMNTS$jELD Digital store$3Volume 48:Issue 3(2018)
=985  \\$aELD accessioning record awaiting upgrade
=CAT  \\$a14586$b40$c20220512$lBLL01$h1431
=MNI  \\$a0971-9555
=LAS  \\$a14586$b40$c20220512$lBLL01$h1431

