=LDR  00765cas a22002655i 4500
=001  020582840
=003  Uk
=005  20220512155609.0
=006  m\\\\\|\\d\|\\\\\\
=007  cr\|||||||||||
=008  220512c\\\\9999\\\\\\p\o\\\\\0\\\a0eng\\
=FMT  \\$a  SE
=022  \\$a1807-0302
=037  \\$a???$bSpringer
=245  00$aComputational and Applied Mathematics
=264  \1$bSpringer
=336  \\$atext$2rdacontent
=337  \\$acomputer$2rdamedia
=338  \\$aonline resource$2rdacarrier
=859  \\$aELD$bejournal
=852  41$aBritish Library$bHMNTS$jELD Digital store$3Volume 37:Issue 3(2018)
=985  \\$aELD accessioning record awaiting upgrade
=CAT  \\$a14586$b40$c20220512$lBLL01$h1556
=MNI  \\$a0101-8205
=LAS  \\$a14586$b40$c20220512$lBLL01$h1556

