=LDR  00803cas a22002775i 4500
=001  020582867
=003  Uk
=005  20220512171407.0
=006  m\\\\\|\\d\|\\\\\\
=007  cr\|||||||||||
=008  220512c\\\\9999\\\\\\p\o\\\\\0\\\a0eng\\
=FMT  \\$a  SE
=022  \\$a2330-5517
=037  \\$aAAT$bSAGE (UK) LTD
=245  00$aAATCC Journal of Research
=264  \1$bSAGE
=336  \\$atext$2rdacontent
=337  \\$acomputer$2rdamedia
=338  \\$aonline resource$2rdacarrier
=859  \\$aELD$bejournal
=852  41$aBritish Library$bHMNTS$jELD Digital store$3Volume 1:Issue 1(2014)-
=985  \\$aELD accessioning record awaiting upgrade
=CAT  \\$a14586$b40$c20220512$lBLL01$h1713
=CAT  \\$a14586$b40$c20220512$lBLL01$h1714
=MNI  \\$a2472-3444
=LAS  \\$a14586$b40$c20220512$lBLL01$h1714

