=LDR  00865cas a22003018i 4500
=001  020589556
=003  Uk
=005  20220816113227.0
=006  m\\\\\\\\d\|\\\\\\
=007  cr||||||||||||
=008  220520c20239999caufr\p\o\\\\\0\\\a0eng\\
=FMT  \\$a  SE
=022  0\$a2753-8931$202
=037  \\$a???$bSage (UK) Ltd
=040  \\$aUk$beng$cUk$erda
=222  \0$aJournal of tropical futures
=245  00$aJournal of tropical futures.
=263  \\$a202303
=264  \1$aThousand Oaks, Calif. :$bSAGE Publishing
=310  \\$aSemiannual
=336  \\$atext$2rdacontent
=337  \\$acomputer$2rdamedia
=338  \\$aonline resource$2rdacarrier
=859  \\$aELD$bejournal
=852  41$aBritish Library$bHMNTS$jELD Digital store
=CAT  \\$a10973$b40$c20220520$lBLL01$h1259
=CAT  \\$a10902$b40$c20220816$lBLL01$h1132
=LAS  \\$a10902$b40$c20220816$lBLL01$h1132

