=LDR  01663cas a2200457 i 4500
=001  020620976
=003  Uk
=005  20220601140648.0
=006  m\\\\\|\\d\|\\\\\\
=007  cr\|||||||||||
=008  220524c19969999enkar\p\o\\\\\0\\\a0eng\\
=FMT  \\$a  SE
=040  \\$aUk$beng$cUk$erda
=042  \\$aukblsr
=082  04$a371.02094214$223
=130  0\$aOnline (Edgware, England)
=245  10$aONLine :$bthe Old North Londoners' Association magazine.
=264  \1$aEdgware :$bNorth London Collegiate School
=300  \\$billustrations (black and white, and colour)
=310  \\$aAnnual
=336  \\$atext$2rdacontent
=337  \\$acomputer$2rdamedia
=338  \\$aonline resource$2rdacarrier
=362  1\$aPrint began in 1996.
=500  \\$aSubtitle varies.
=588  \\$aDescription based on: print version record.
=588  \\$aLatest issue consulted: issue 25 (2022).
=610  20$aNorth London Collegiate School$vPeriodicals.
=610  20$aNorth London Collegiate School$xAlumni and alumnae$vPeriodicals.
=610  20$aOld North Londoners Association$vPeriodicals.
=710  2\$aOld North Londoners Association.
=776  08$iAlso issued in print as:$tOnline (Edgware, England)
=859  \\$aELD$bejournal
=852  41$aBritish Library$bHMNTS$jELD Digital store$3Issue 25(2022)-
=985  \\$aWFH record (CS) 2022
=CAT  \\$a8124$b40$c20220524$lBLL01$h1435
=CAT  \\$a8124$b40$c20220601$lBLL01$h1406
=FIN  \\$aY$d20220524
=LET  \0$aOnline - the Old North Londoners' Association magazine (Electronic)
=LKR  \\$aPAR$b013268737$lBLL01$r776$mONLine (Online)$nONLine (Print)
=LAS  \\$a8124$b40$c20220601$lBLL01$h1406

