=LDR  01316cas a22003618i 4500
=001  020630505
=003  Uk
=005  20220816105818.0
=006  m\\\\\\\\d\|\\\\\\
=007  cr||||||||||||
=008  220601c19569999enkfr\p\o\\\\\0\\\a0eng\\
=FMT  \\$a  SE
=022  0\$a2753-7269$202
=037  \\$a???$bSage (UK) Ltd
=040  \\$aUk$beng$cUk$erda
=222  \0$aJournal of the Palaeontological Society of India$b(Online)
=245  00$aJournal of the Palaeontological Society of India.
=263  \\$a202212
=264  \1$bSAGE Publishing$aLondon :
=310  \\$aSemiannual
=336  \\$atext$2rdacontent
=337  \\$acomputer$2rdamedia
=338  \\$aonline resource$2rdacarrier
=859  \\$aELD$bejournal
=852  41$aBritish Library$bSTI$jELD Digital store$3Previous issues available in print copy
=985  \\$aPlease link to ISSN 0552-9360 (Print) on completion. SAGE have said they will send a print copy - will need change of responsibility (currently ISSN India).
=CAT  \\$a10806$b40$c20220601$lBLL01$h1210
=CAT  \\$a10806$b40$c20220606$lBLL01$h1009
=CAT  \\$a10902$b40$c20220816$lBLL01$h0803
=CAT  \\$a10902$b40$c20220816$lBLL01$h1058
=LET  \0$aJournal of the Palaeontological Society of India (Electronic)
=MNI  \\$a0552-9360
=LAS  \\$a10902$b40$c20220816$lBLL01$h1058

