=LDR  01620cas a2200421 i 4500
=001  020634554
=003  Uk
=005  20220712084540.0
=007  cr\|||||||||||
=008  220607c20219999enkar\p\\\\\\\0\\\a0eng\\
=FMT  \\$a  SE
=015  \\$aGBC298259$2bnb
=040  \\$aUk$beng$cUk$erda
=042  \\$aukblsr
=082  04$a662.62072$223
=110  2\$aInternational Centre for Sustainable Carbon,$eauthor.
=245  10$aAnnual review /$cInternational Centre for Sustainable Carbon.
=264  \1$aLondon :$bInternational Centre for Sustainable Carbon
=300  \\$billustrations (colour)
=310  \\$aAnnual
=336  \\$atext$2rdacontent
=337  \\$acomputer$2rdamedia
=338  \\$aonline resource$2rdacarrier
=362  0\$a2021-
=500  \\$aTitle from PDF cover (International Centre for Sustainable Carbon website, viewed June 7, 2022).
=610  20$aInternational Centre for Sustainable Carbon$vPeriodicals.
=650  \0$aCoal$xResearch$vPeriodicals.
=650  \0$aClean coal technologies$vPeriodicals.
=780  00$aIEA Clean Coal Centre.$tAnnual review
=859  \\$aELD$bejournal
=852  41$aBritish Library$bHMNTS$jELD Digital store$3(2021)-
=CAT  \\$a8483$b40$c20220607$lBLL01$h0929
=CAT  \\$aBATCH-UPD$b40$c20220621$lBLL01$h1607
=CAT  \\$a8871$b40$c20220712$lBLL01$h0845
=FIN  \\$aY$d20220607
=LET  \0$aAnnual review - International Centre for Sustainable Carbon (Electronic)
=LKR  \\$aPAR$b019432116$lBLL01$r78000$mAnnual review / International Centre for Sustainable Carbon$nAnnual review / IEA Clean Coal Centre
=LAS  \\$a8871$b40$c20220712$lBLL01$h0845

