=LDR  02070 as a2200469 i 4500
=001  017560955
=003  Uk
=005  20150930170725.0
=006  m\\\\\|\\d\|\\\\\\
=007  cr\|||||||||||
=008  150930d20032008enkar\p\o\\\\\0\\\a0eng\\
=FMT  \\$a  SE
=015  \\$aGBB5E1105$2bnb
=040  \\$aUk$beng$cUk$erda
=042  \\$aukblsr
=082  04$a371.05094205$223
=110  2\$aPricewaterhouseCoopers (Firm),$eauthor.
=245  10$aAcademies evaluation :$b... annual report /$cPriceWaterhouseCoopers.
=264  \1$aNottingham :$bDfES Publications,$c-2008.
=264  31$aNottingham :$bDCSF Publications
=300  \\$billustrations (colour)
=310  \\$aAnnual
=336  \\$atext$2rdacontent
=337  \\$acomputer$2rdamedia
=338  \\$aonline resource$2rdacarrier
=588  \\$aDescription based on: 3rd annual report (2006); title from PDF cover.
=588  \\$aLatest issue consulted: 5th annual report (November 2008).
=650  \0$aAcademies (British public schools)$zEngland$xEvaluation$vPeriodicals.
=650  \0$aAcademies (British public schools)$zEngland$vStatistics$vPeriodicals.
=650  \0$aPublic-private sector cooperation$zEngland$vPeriodicals.
=650  \0$aEducational indicators$zEngland$vPeriodicals.
=710  1\$aGreat Britain.$bDepartment for Education and Skills,$eissuing body.
=710  1\$aGreat Britain.$bDepartment for Children, Schools and Families,$eissuing body.
=859  \\$aELD$bejournal
=852  41$aBritish Library$bHMNTS$jELD Digital store$33rd Report(2006)-5th Report(2008)
=985  \\$aSequence of evaluation reports: PriceWaterhouseCoopers (2008) 2. Machin and Wilson (2009) 3. National Audit Office (2010) 4. Machin and Vernoit (2011, forthcoming); from 2009 have individual titles, so catalogue those as monos if they appear.
=CAT  \\$a3072$b40$c20150930$lBLL01$h1706
=CAT  \\$a3072$b40$c20150930$lBLL01$h1707
=CAT  \\$aW1711-1005$c20171206$lBLL01$h1828
=FIN  \\$aY$d20150930
=LET  \0$aAcademies evaluation (Electronic)
=LAS  \\$aW1711-1005$b00$c20171206$lBLL01$h1828

