=LDR  02028 as a2200493 i 4500
=001  017581580
=003  Uk
=005  20160907150002.0
=006  m\\\\\|\\d\|\\\\\\
=007  cr\|||||||||||
=008  151015d20132015stkqr\p\o\s\\\0\\\a0eng\\
=FMT  \\$a  SE
=015  \\$aGBB5F1893$2bnb
=040  \\$aUk$beng$cUk$erda
=042  \\$aukblsr
=082  04$a338.09411$223
=130  0\$aBusiness monitor (Edinburgh, Scotland)
=245  10$aBusiness monitor.
=246  1\$iAt head of title:$aBusiness banking
=264  \1$aEdinburgh :$bBank of Scotland
=310  \\$aQuarterly
=336  \\$atext$2rdacontent
=337  \\$acomputer$2rdamedia
=338  \\$aonline resource$2rdacarrier
=362  1\$aPrint began with issue 61, quarter 1 (2013).
=588  \\$aDescription based on: issue 71, quarter 3 (2015); title from PDF cover.
=650  \0$aBusiness$zScotland$vStatistics$vPeriodicals.
=650  \0$aBusiness enterprises$zScotland$vPeriodicals.
=650  \0$aIndustrial surveys$zScotland$vPeriodicals.
=690  7\$aManagement and Business Studies$2blcoll
=710  2\$aBank of Scotland,$eissuing body.
=776  08$iPrint version, -2015:$tBusiness monitor (Edinburgh, Scotland)
=859  \\$aELD$bejournal
=852  41$aBritish Library$bHMNTS$jELD Digital store$3Issue 71(2015)
=985  \\$aNational Library of Scotland have rec'd issue 71 (qtr. 3, 2015) in print (or printout), so queried with LDO-e; "I have had confirmation that this has actually ceased in print. They have also informed me that this might also be the last edition but unconfirmed".
=CAT  \\$a3072$b40$c20151015$lBLL01$h1608
=CAT  \\$a3072$b40$c20151015$lBLL01$h1618
=CAT  \\$aBATCH-MBS$c20151023$lBLL01$h2106
=CAT  \\$a6550$b40$c20160907$lBLL01$h1500
=CAT  \\$aW1711-1005$c20171206$lBLL01$h1828
=FIN  \\$aY$d20151015
=LET  \0$aBusiness monitor (Electronic)
=LKR  \\$aPAR$b016454920$lBLL01$r776$mBusiness monitor (Online)$nBusiness monitor (Print)
=LAS  \\$aW1711-1005$b00$c20171206$lBLL01$h1828

