=LDR  02483 as a2200517 i 4500
=001  017616917
=003  Uk
=005  20200910101501.0
=006  m\\\\\|\\d\|\\\\\\
=007  cr\|||||||||||
=008  151116d2007201ustkbx\p\o\\\\\0\\\a0eng\\
=FMT  \\$a  SE
=040  \\$aUk$beng$cUk$dUk$erda
=042  \\$aukblsr
=082  04$a333.7906041$223
=245  00$aSSEnews.
=246  3\$aSSE news
=246  3\$aSSE plc news
=264  \1$a[Perth] :$bSSE
=300  \\$billustrations (colour)
=310  \\$aBimonthly
=336  \\$atext$2rdacontent
=337  \\$acomputer$2rdamedia
=338  \\$aonline resource$2rdacarrier
=362  1\$aPrint began in 2007.
=515  \\$aNew numbering system begins with issue 1 (2014).
=580  \\$aFrom 2014 issues usually alternate each month between print and online.
=588  \\$aDescription based on: issue 015 (September 2015).
=588  \\$aLatest issue consulted: issue 016 (October 2015).
=610  20$aSSE plc$vPeriodicals.
=710  2\$aSSE plc.
=787  1\$tSSEnews
=859  \\$aELD$bejournal
=852  41$aBritish Library$bHMNTS$jELD Digital store$3Issue 9(2015:Feb.)-Issue 24(2016:Jul.)
=985  \\$aKept as title main entry, otherwise would be a can of worms with body changes for print (now SSE plc, and previously Scottish and Southern Energy plc) & scutty; now covers UK. Set up in parallel to print. email correspondence: "Some of our ssenews publications are print and others digital only. We tried to have it as print every other month, but sometimes due to planning this changes slightly. For example issue 15 and 16 were both digital - whereas issue 17 (you should have received this) and 18 (out mid-December) are print so you'll get these in the post".
=985  \\$anew body (and on 013731927)- see Wikipedia under SSE plc: In Jan 2000 Scottish and Southern Energy changed the core company branding from Scottish and Southern Energy to SSE; came up for closure 2019 - this news info is possibly now on their website GC 10/9/20.
=CAT  \\$a3072$b40$c20151116$lBLL01$h1236
=CAT  \\$a3072$b40$c20151116$lBLL01$h1327
=CAT  \\$a3072$b40$c20151116$lBLL01$h1330
=CAT  \\$aW1711-1005$c20171206$lBLL01$h1828
=CAT  \\$a3072$b40$c20200910$lBLL01$h1014
=CAT  \\$a3072$b40$c20200910$lBLL01$h1015
=FIN  \\$aY$d20151116
=LET  \0$aSSEnews (Electronic)
=LKR  \\$aPAR$b013731927$lBLL01$r787$mSSEnews (Online)$nSSEnews (Print)
=LAS  \\$a3072$b40$c20200910$lBLL01$h1015

