=LDR  01010 as a22002895i 4500
=001  017742375
=003  Uk
=005  20190514102425.0
=006  m\\\\\|\\d\|\\\\\\
=007  cr\|||||||||||
=008  160213c\\\\9999\\\\\\p\o\\\\\0\\\a0eng\\
=FMT  \\$a  SE
=022  \\$a2214-4765
=037  \\$a???$bPortico$nElsevier
=245  00$aTox open.
=264  \1$bElsevier.
=336  \\$atext$2rdacontent
=337  \\$acomputer$2rdamedia
=338  \\$aonline resource$2rdacarrier
=859  \\$aELD$bejournal
=852  41$aBritish Library$bHMNTS$jELD Digital store$3Content not received
=985  \\$aWas on ELD Elsevier list - ISSN applied for in 2013 but as of 13/3/18 still not published, or possibly under a different title, possibly "Toxicology reports" 2214-7500 issued from 2014?
=CAT  \\$a10902$b40$c20160213$lBLL01$h0830
=CAT  \\$aW1711-1005$c20171205$lBLL01$h2213
=CAT  \\$a3072$b40$c20180313$lBLL01$h1406
=CAT  \\$a14586$b40$c20190514$lBLL01$h1024
=LAS  \\$a14586$b40$c20190514$lBLL01$h1024

