=LDR  01580 as a2200457 i 4500
=001  017792390
=003  Uk
=005  20180711134915.0
=006  m\\\\\\\\d\\\\\\\\
=007  cr\|||||||||||
=008  151218d20112017stkmr\p\s\\\\\0\\\a0eng\d
=FMT  \\$a  SE
=015  \\$aGBB643862$2bnb
=035  \\$a(OCoLC)933444721
=040  \\$aNLE$beng$cNLE$dOCLCO$dUk$erda
=042  \\$aukblsr
=082  04$a639.97976905$223
=245  00$aIOSF e-update.
=246  3\$aInternational Otter Survival Fund e-update
=264  \1$a[Broadford, Isle of Skye] :$bInternational Otter Survival Fund,$c2011-
=300  \\$aillustrations (colour)
=310  \\$aMonthly
=336  \\$atext$2rdacontent
=337  \\$acomputer$2rdamedia
=338  \\$aonline resource$2rdacarrier
=362  0\$aNo. 1 (2011)-84 (December 2017).
=500  \\$aTitle from PDF caption title (International Otter Survival Fund, viewed December 18, 2015).
=588  \\$aLatest issue consulted: No. 63 (March 2016) (viewed April 4, 2016).
=650  \0$aOtters$vPeriodicals.
=650  \0$aOtters$xConservation$vPeriodicals.
=710  2\$aInternational Otter Survival Fund,$eissuing body.
=785  00$tOtter news (2018)
=859  \\$aELD$bejournal
=852  41$aBritish Library$bHMNTS$jELD Digital store$3Issue 1(2011)-Issue 84(2017)
=CAT  \\$a3072$b40$c20160404$lBLL01$h1441
=CAT  \\$aW1711-1005$c20171205$lBLL01$h2213
=CAT  \\$a8483$b40$c20180711$lBLL01$h1349
=FIN  \\$aY$d20160404
=LET  \0$aIOSF e-update (Electronic)
=SID  \\$aZ39$bOCLC
=LAS  \\$a8483$b40$c20180711$lBLL01$h1349

