=LDR  03145 as a2200553 i 4500
=001  017809903
=003  Uk
=005  20170830091138.0
=006  m\\\\\|\\d\|\\\\\\
=007  cr\|||||||||||
=008  160419d20082015enkar\\\o\\\\\0\\\a0eng\\
=FMT  \\$a  SE
=040  \\$aUk$beng$cUk$erda
=042  \\$aukblsr
=082  04$a333.706041$223
=110  2\$aInstitution of Environmental Sciences,$eauthor.
=245  10$aDirectors' report and accounts :$bfor the year ended 30 June ... /$cThe Institution of Environmental Sciences Limited.
=246  1\$iMinor title change:$aDirectors' report and unaudited accounts$f2013-
=264  \1$aLondon :$bInstitution of Environmental Sciences Limited
=310  \\$aAnnual
=336  \\$atext$2rdacontent
=337  \\$acomputer$2rdamedia
=338  \\$aonline resource$2rdacarrier
=362  1\$aPrint began with 2008 issue.
=362  0\$a-year ended 30 June 2015.
=588  \\$aDescription based on: 2009 issue; title from PDF cover.
=588  \\$aLatest issue consulted: 2015 issue.
=610  20$aInstitution of Environmental Sciences$vPeriodicals.
=610  20$aInstitution of Environmental Sciences$xFinance$vPeriodicals.
=776  08$iAlso issued in print as:$aInstitution of Environmental Sciences.$tDirectors' report and accounts
=780  00$aInstitution of Environmental Sciences.$sAnnual report (Institution of Environmental Sciences)
=785  00$aInstitution of Environmental Sciences.$tAnnual report and unaudited financial statements
=787  0\$aInstitution of Environmental Sciences.$sAnnual report (2014)
=859  \\$aELD$bejournal
=852  41$aBritish Library$bHMNTS$jELD Digital store$3(2009)-(2015)
=985  \\$aFree dictionary: Unaudited statement: "A financial statement that an auditor has prepared, but not according to the Generally Accepted Auditing Standards (GAAS). Auditors preparing unaudited statements are required to issue a disclaimer stating that they are not rendering opinions and that the statement does not abide by the GAAS". Given that a company audit is only required (normally) for companies turning over more that £6.5 million, many small firms have given up audit registration in the last few years; therefore won't be another set of "audited" accounts running in parallel; thought best to treat as minor, as could be a temporary change - review if changes again.
=985  \\$aSeparate from the publicly available Annual report at 018482694 ED.
=CAT  \\$a3072$b40$c20160419$lBLL01$h1720
=CAT  \\$a3072$b40$c20160420$lBLL01$h0936
=CAT  \\$a3072$b40$c20160420$lBLL01$h0955
=CAT  \\$a3072$b40$c20160420$lBLL01$h0956
=CAT  \\$a8483$b40$c20170829$lBLL01$h1559
=CAT  \\$a8483$b40$c20170829$lBLL01$h1602
=CAT  \\$a8483$b40$c20170830$lBLL01$h0911
=CAT  \\$aW1711-1005$c20171206$lBLL01$h1829
=FIN  \\$aY$d20160420
=LET  \0$aDirectors' report and unaudited acounts - Institution of Environmental Sciences (Electronic)
=LKR  \\$aPAR$b017498395$lBLL01$r776$mDirectors' report and accounts (Online)$nDirectors' report and accounts (Print)
=LAS  \\$aW1711-1005$b00$c20171206$lBLL01$h1829

