=LDR  02395cas a2200541 i 4500
=001  017881287
=003  Uk
=005  20221130084405.0
=006  m\\\\\|\\d\|\\\\\\
=007  cr\|||||||||||
=008  160615c201u9999enkqr\\\os\\\\0\\\a0eng\\
=FMT  \\$a  SE
=015  \\$aGBB682986$2bnb
=040  \\$aUk$beng$cUk$erda
=042  \\$aukblsr
=082  04$a333.338709421021$223
=245  00$aCentral London office market report /$cJLL.
=264  \1$a[London] :$bJLL
=300  \\$billustrations (colour)
=310  \\$aQuarterly
=336  \\$atext$2rdacontent
=337  \\$acomputer$2rdamedia
=338  \\$aonline resource$2rdacarrier
=588  \\$aDescription based on: 2015, Q2; title from PDF cover.
=588  \\$aLatest issue consulted: 2015, Q3.
=500  \\$aFrom 2021, only issued in HTML format.
=650  \0$aReal estate office buildings$zEngland$zLondon$vStatistics$vPeriodicals.
=650  \0$aCommercial real estate$zEngland$zLondon$vStatistics$vPeriodicals.
=690  7\$aManagement and Business Studies$2blcoll
=650  \7$aReal estate office buildings.$2fast$0(OCoLC)fst01091090
=650  \7$aCommercial real estate.$2fast$0(OCoLC)fst00869631
=651  \7$aEngland.$2fast$0(OCoLC)fst01219920
=655  \7$aPeriodicals.$2fast$0(OCoLC)fst01411641
=655  \7$aStatistics.$2fast$0(OCoLC)fst01132103
=710  2\$aJones Lang LaSalle (Firm),$eissuing body.
=780  00$tCentral London market
=859  \\$aELD$bejournal
=852  41$aBritish Library$bHMNTS$jELD Digital store$3Quarter 2(2015)-Quarter 3(2021)
=985  \\$aFairly certain is C/T from 016660550; list of titles at: http://www.jll.co.uk/united-kingdom/en-gb/search?k=Central%20London%20office%20market%20report, but can't access issues; looks like change prob. happened with 2014, Q3 - found issue via Explore.
=985  \\$aWebsite looked like you could "download" a report if a form was filled, but according to Acquisitions this report was HTML, not PDF (ED).
=CAT  \\$a3072$b40$c20160615$lBLL01$h1717
=CAT  \\$a3072$b40$c20160615$lBLL01$h1718
=CAT  \\$aW1711-1005$c20171206$lBLL01$h1829
=CAT  \\$a8483$b40$c20221130$lBLL01$h0844
=FIN  \\$aY$d20160615
=LET  \0$aCentral London office market report (Electronic)
=LKR  \\$aPAR$b016660550$lBLL01$r78000$mCentral London office market report$nCentral London market
=LAS  \\$a8483$b40$c20221130$lBLL01$h0844

