=LDR  02117cas a2200505 i 4500
=001  017980196
=003  Uk
=005  20160818180508.0
=006  m\\\\\|\\d\|\\\\\\
=007  cr\|||||||||||
=008  160818c2uuu9999enkar\\\os\\\o0\\\a0eng\\
=FMT  \\$a  SE
=015  \\$aGBB6B5336$2bnb
=040  \\$aUk$beng$cUk$erda
=042  \\$aukblsr
=082  04$a373.2380942$223
=245  00$aParticipation in education, training and employment by 16-18 year olds in England.
=264  \1$aLondon :$bDepartment for Education
=300  \\$billustrations.
=310  \\$aAnnual
=336  \\$atext$2rdacontent
=337  \\$acomputer$2rdamedia
=338  \\$aonline resource$2rdacarrier
=490  1\$aStatistical first release
=500  \\$aAccompanied on Web site by Excel tables, and associated publications.
=500  \\$aAt head of title: National Statistics.
=500  \\$aTitle from PDF caption (GOV.UK, viewed August 18, 2016).
=515  \\$aAlso carries SFR numbering.
=588  \\$aDescription based on: 2009 issue, published 2010; title from PDF caption (GOV.UK, viewed August 18, 2016).
=588  \\$aLatest issue consulted: 2015, published 2016 (viewed August 18, 2016).
=650  \0$aPost-compulsory education$zEngland$vStatistics$vPeriodicals.
=650  \0$aYouth employment$zEngland$vStatistics$vPeriodicals.
=650  \0$aOccupational training$zEngland$vStatistics$vPeriodicals.
=710  1\$aGreat Britain.$bDepartment for Education,$eissuing body.
=830  \0$aStatistical first release (Great Britain. Department for Education)
=859  \\$aELD$bejournal
=852  41$aBritish Library$bHMNTS$jELD Digital store$3(2009)-(2019)Technical Document
=985  \\$aDDC; 373 v. 331; 373 seems about the best number
=CAT  \\$a3072$b40$c20160818$lBLL01$h1802
=CAT  \\$a3072$b40$c20160818$lBLL01$h1804
=CAT  \\$a3072$b40$c20160818$lBLL01$h1805
=CAT  \\$aW1711-1005$c20171205$lBLL01$h2213
=FIN  \\$aY$d20160818
=LET  \0$aParticipation in education, training and employment by 16-18 year olds in England (Electronic)
=LAS  \\$aW1711-1005$b00$c20171205$lBLL01$h2213

