=LDR  02393cas a2200505 i 4500
=001  017987064
=003  Uk
=005  20160824114007.0
=006  m\\\\\|\\d\|\\\\\\
=007  cr\|||||||||||
=008  160824c20159999enkar\p\o\s\\o0\\\a0eng\\
=FMT  \\$a  SE
=015  \\$aGBB6B8395$2bnb
=040  \\$aUk$beng$cUk$erda
=042  \\$aukblsr
=082  04$a388.310941$223
=245  00$aProvisional road traffic estimates, Great Britain.
=246  1\$iPDF running title:$aStatistical release - provisional road traffic estimates
=264  \1$a[Great Britain] :$bDepartment for Transport
=300  \\$billustrations (colour).
=310  \\$aQuarterly
=336  \\$atext$2rdacontent
=337  \\$acomputer$2rdamedia
=338  \\$aonline resource$2rdacarrier
=362  0\$aOctober 2014/September 2015-
=490  1\$aStatistical release
=500  \\$aTitle from PDF caption (GOV.UK, viewed August 24, 2016).
=500  \\$a"This release presents provisional estimates for road traffic in Great Britain... provisional estimates are published quarterly and remain provisional until after they have been constrained by the final annual estimate each year." - caption page.
=588  \\$aLatest issue consulted: July 2015-June 2016 (viewed August, 24 2016).
=650  \0$aTraffic flow$zGreat Britain$vPeriodicals.
=650  \0$aTraffic flow$zGreat Britain$vStatistics$vPeriodicals.
=710  1\$aGreat Britain.$bDepartment for Transport,$eissuing body.
=780  00$tQuarterly road traffic estimates for Great Britain
=787  0\$tRoad traffic estimates Great Britain
=830  \0$aStatistical release (Great Britain. Department for Transport)
=859  \\$aELD$bejournal
=852  41$aBritish Library$bHMNTS$jELD Digital store$3(2014:Oct./2015:Sep.)-(2021:Sep.)Background Quality Report
=CAT  \\$a8483$b40$c20160824$lBLL01$h1138
=CAT  \\$a8483$b40$c20160824$lBLL01$h1140
=CAT  \\$aW1711-1005$c20171206$lBLL01$h1829
=FIN  \\$aY$d20160824
=LET  \0$aProvisional road traffic estimates, Great Britain - Quarterly (Electronic)
=LKR  \\$aPAR$b017987010$lBLL01$r78000$mProvisional road traffic estimates, Great Britain.$nQuarterly road traffic estimates for Great Britain.
=LKR  \\$aPAR$b017980166$lBLL01$r787$mProvisional road traffic estimates, Great Britain.$nRoad traffic estimates Great Britain.
=LAS  \\$aW1711-1005$b00$c20171206$lBLL01$h1829

