=LDR  01791cas a2200469 i 4500
=001  017998351
=003  Uk
=005  20160905170256.0
=006  m\\\\\|\\d\|\\\\\\
=007  cr\|||||||||||
=008  160905c20169999enkqr\\\os\\\o0\\\a0eng\\
=FMT  \\$a  SE
=015  \\$aGBB6C2011$2bnb
=040  \\$aUk$beng$cUk$erda
=042  \\$aukblsr
=082  04$a363.583$223
=245  00$aHelp to buy : ISA scheme quarterly statistics /$cHM Treasury.
=246  1\$iWeb link title:$aHelp to buy ISA statistics
=246  30$aISA scheme quarterly statistics
=264  \1$a[London] :$bHM Treasury,$c2016-
=300  \\$billustrations; maps
=310  \\$aQuarterly
=336  \\$atext$2rdacontent
=337  \\$acomputer$2rdamedia
=338  \\$aonline resource$2rdacarrier
=362  0\$aJune 2016-
=500  \\$aAccompanied on Web site by Excel table.
=500  \\$aTitle from PDF cover (GOV.UK, viewed September 5, 2016).
=515  \\$aJune 2016 issue covers 1 December 2015/31 March 2016.
=650  \0$aHouse buying$zGreat Britain$vStatistics$vPeriodicals.
=650  \0$aMortgage loans$zGreat Britain$vPeriodicals.
=690  7\$aSocial Welfare$2blcoll
=710  1\$aGreat Britain.$bTreasury,$eissuing body.
=859  \\$aELD$bejournal
=852  41$aBritish Library$bHMNTS$jELD Digital store$3(2015/2016:Dec./Mar.)-
=985  \\$aPage 2: This release does not cover statistics regarding the Help to Buy: mortgage guarantee or the Help to Buy: Equity Loan scheme, so not related to 016884475
=CAT  \\$a3072$b40$c20160905$lBLL01$h1701
=CAT  \\$a3072$b40$c20160905$lBLL01$h1702
=CAT  \\$aW1711-1005$c20171206$lBLL01$h1829
=FIN  \\$aY$d20160905
=LET  \0$aHelp to buy : ISA scheme quarterly statistics (Electronic)
=LAS  \\$aW1711-1005$b00$c20171206$lBLL01$h1829

