=LDR  02670 as a2200553 i 4500
=001  018010084
=003  Uk
=005  20161019120657.0
=006  m\\\\\|\\d\|\\\\\\
=007  cr\|||||||||||
=008  160914d200u2015enkar\p\o\\\\\0\\\a0eng\\
=FMT  \\$a  SE
=015  \\$aGBB6E4183$2bnb
=040  \\$aUk$beng$cUk$dUk$erda
=042  \\$aukblsr
=082  04$a362.11094218$223
=110  2\$aWest Middlesex University Hospital NHS Trust,$eauthor.
=245  10$aAnnual report /$cWest Middlesex University Hospital NHS Trust.
=246  1\$iWeb site list title:$aWMUH annual report
=264  \1$aIsleworth, Middlesex :$bWest Middlesex University Hospital
=300  \\$billustrations (black and white, and colour)
=310  \\$aAnnual
=336  \\$atext$2rdacontent
=337  \\$acomputer$2rdamedia
=338  \\$aonline resource$2rdacarrier
=362  1\$aCeased in 2015.
=588  \\$aDescription based on: 2002/2003 issue; title from PDF cover (Chelsea and Westminster Hospital NHS Foundation Trust Web site, viewed September 14, 2016).
=588  \\$aLatest issue consulted: 2015 (viewed September 14, 2016).
=610  20$aWest Middlesex University Hospital NHS Trust$vPeriodicals.
=610  20$aWest Middlesex University Hospital NHS Trust$xFinance$vPeriodicals.
=650  \0$aHospitals$zEngland$zLondon$vPeriodicals.
=650  \0$aMedical care$zEngland$zLondon$vPeriodicals.
=690  7\$aSocial Welfare$2blcoll
=776  08$iAlso issued in print -2015 as:$aWest Middlesex University Hospital NHS Trust.$tAnnual report
=785  04$aChelsea and Westminster Hospital NHS Foundation Trust.$tAnnual report & accounts
=859  \\$aELD$bejournal
=852  41$aBritish Library$bHMNTS$jELD Digital store$3(2014/2015)***Previous issues available in print copy
=985  \\$aFrom September 2015, "West Middlesex University Hospital" became part of "Chelsea and Westminster Hospital NHS Foundation Trust". Presumed therefore to have been absorbed by their annual report.
=CAT  \\$a8483$b40$c20160914$lBLL01$h1152
=CAT  \\$a8483$b40$c20160914$lBLL01$h1153
=CAT  \\$a8483$b40$c20160914$lBLL01$h1212
=CAT  \\$a8483$b40$c20160914$lBLL01$h1215
=CAT  \\$aBATCH-SWP$c20160923$lBLL01$h2214
=CAT  \\$a3072$b40$c20161019$lBLL01$h1206
=CAT  \\$aW1711-1005$c20171206$lBLL01$h1829
=FIN  \\$aY$d20160914
=LET  \0$aAnnual report - West Middlesex University Hospital NHS Trust (Electronic)
=LKR  \\$aPAR$b016888465$lBLL01$r776$mAnnual report / West Middlesex University Hospital NHS Trust (Online)$nAnnual report / West Middlesex University Hospital NHS Trust (Print)
=LAS  \\$aW1711-1005$b00$c20171206$lBLL01$h1829

