=LDR  02274cas a2200565 i 4500
=001  018060145
=003  Uk
=005  20161012141754.0
=006  m\\\\\|\\d\|\\\\\\
=007  cr\|||||||||||
=008  161012c20159999enkax\\\os\\\o0\\\a0eng\\
=FMT  \\$a  SE
=015  \\$aGBB6E2223$2bnb
=040  \\$aUk$beng$cUk$erda
=042  \\$aukblsr
=082  04$a336.278384$223
=245  00$aCreative industries statistics :$bofficial statistics on film, high-end television, and animation tax relief /$cHM Revenue & Customs.
=264  \1$aLondon :$bHM Revenue and Customs,$c2015-
=300  \\$billustrations (colour)
=310  \\$aAnnual
=336  \\$atext$2rdacontent
=337  \\$acomputer$2rdamedia
=338  \\$aonline resource$2rdacarrier
=362  0\$aDecember 2015-
=500  \\$aFrom 2016 has subtitle: Official statistics on film, high-end television, animation and video games tax relief.
=500  \\$a2015 issue is a revised version.
=500  \\$a"Official statistics".
=500  \\$aTitle from PDF cover (GOV.UK, viewed October 12, 2016).
=588  \\$aLatest issue consulted: July 2016 (viewed October 12, 2016).
=650  \0$aTax remission$zGreat Britain$cStatistics$vPeriodicals.
=650  \0$aCultural industries$xTaxation$zGreat Britain$vStatistics$vPeriodicals.
=650  \7$aTax remission.$2fast$0(OCoLC)fst01143833
=650  \7$aCultural industries.$2fast$0(OCoLC)fst00885002
=650  \7$aTaxation.$2fast$0(OCoLC)fst01143876
=651  \7$aGreat Britain.$2fast$0(OCoLC)fst01204623
=655  \7$aPeriodicals.$2fast$0(OCoLC)fst01411641
=655  \7$aStatistics.$2fast$0(OCoLC)fst01132103
=690  7\$aManagement and Business Studies$2blcoll
=710  1\$aGreat Britain.$bHM Revenue & Customs,$eissuing body.
=859  \\$aELD$bejournal
=852  41$aBritish Library$bHMNTS$jELD Digital store$3(2015:Dec.)-
=985  \\$aDDC: also considered 336.24316
=CAT  \\$a3072$b40$c20161012$lBLL01$h1411
=CAT  \\$a3072$b40$c20161012$lBLL01$h1415
=CAT  \\$a3072$b40$c20161012$lBLL01$h1417
=CAT  \\$aBATCH-MBS$c20161021$lBLL01$h2111
=CAT  \\$aW1711-1005$c20171206$lBLL01$h1829
=FIN  \\$aY$d20161012
=LET  \0$aCreative industries statistics (Electronic)
=LAS  \\$aW1711-1005$b00$c20171206$lBLL01$h1829

