=LDR  01755 as a2200469 i 4500
=001  018082438
=003  Uk
=005  20161031171549.0
=006  m\\\\\|\\d\|\\\\\\
=007  cr\|||||||||||
=008  161031c20159999enkar\\\od\\\o0\\\a0eng\\
=FMT  \\$a  SE
=015  \\$aGBB6E6999$2bnb
=040  \\$aUk$beng$cUk$erda
=042  \\$aukblsr
=082  04$a353.39094203$223
=245  00$aAnnual NOMS digest.$pGlossary /$cMinistry of Justice.
=264  \1$aLondon :$bMinistry of Justice,$c2016-
=310  \\$aAnnual
=336  \\$atext$2rdacontent
=337  \\$acomputer$2rdamedia
=338  \\$aonline resource$2rdacarrier
=362  0\$a2015/16-
=500  \\$aTitle from PDF cover (GOV.UK, viewed October 31, 2016).
=650  \0$aPrison administration$zEngland$vDictionaries.
=650  \0$aPrison administration$zWales$vDictionaries.
=610  17$aGreat Britain.$bNational Offender Management Service.$2fast$0(OCoLC)fst01608525
=650  \7$aPrison administration.$2fast$0(OCoLC)fst01077006
=651  \7$aEngland.$2fast$0(OCoLC)fst01219920
=651  \7$aWales.$2fast$0(OCoLC)fst01207649
=655  \7$aPeriodicals.$2fast$0(OCoLC)fst01411641
=655  \7$aDictionaries.$2fast$0(OCoLC)fst01423826
=690  7\$aManagement and Business Studies$2blcoll
=859  \\$aELD$bejournal
=852  41$aBritish Library$bHMNTS$jELD Digital store$3(2015/2016)
=985  \\$aNot clear who has actually produced this - Min of Justice on cover; or could be NOMS - no 110 added.
=CAT  \\$a3072$b40$c20161031$lBLL01$h1715
=CAT  \\$aBATCH-MBS$c20161104$lBLL01$h2100
=CAT  \\$aW1711-1005$c20171206$lBLL01$h1829
=FIN  \\$aY$d20161031
=LET  \0$aAnnual NOMS digest. Glossary (Electronic)
=LAS  \\$aW1711-1005$b00$c20171206$lBLL01$h1829

