=LDR  02468 as a2200565 i 4500
=001  018091785
=003  Uk
=005  20170116125412.0
=006  m\\\\\|\\d\|\\\\\\
=007  cr\|||||||||||
=008  161108d20102014enkar\\\o\\\\o0\\\a0eng\\
=FMT  \\$a  SE
=015  \\$aGBB6F4117$2bnb
=040  \\$aUk$beng$cUk$erda
=042  \\$aukblsr
=082  04$a362.17820942$223
=110  2\$aNational Group on Controlled Drugs (Great Britain),$eauthor.
=245  10$aReports from partner organisations in ... /$cThe National Group on Controlled Drugs.
=246  1\$iMinor title change:$aReport of activity in ... from partner organisations
=264  \1$a[Newcastle upon Tyne] :$bCare Quality Commission,$c[2009]-2015.
=336  \\$atext$2rdacontent
=337  \\$acomputer$2rdamedia
=338  \\$aonline resource$2rdacarrier
=362  0\$a2010-2014.
=500  \\$aTitle from PDF cover (publisher's Web site, viewed November 8, 2016).
=588  \\$aLatest issue consulted: 2014 (viewed November 8, 2016).
=580  \\$aAbsorbed as an annex by: Great Britain. Care Quality Commission. Safer management of controlled drugs: annual report.
=650  \0$aDrugs$xPrescribing$xGovernment policy$zEngland$vPeriodicals.
=650  \0$aDrugs$xPrescribing$xStandards$zEngland$vPeriodicals.
=650  \0$aDrugs$xPrescribing$xLaw and legislation$zEngland$vPeriodicals.
=650  \0$aNarcotics$xTherapeutic use$zEngland$vPeriodicals.
=650  \7$aDrugs$xPrescribing$xGovernment policy.$2fast$0(OCoLC)fst00898872
=650  \7$aDrugs$xPrescribing$xStandards.$2fast$0(OCoLC)fst00898876
=650  \7$aNarcotics$xTherapeutic use.$2fast$0(OCoLC)fst01032874
=651  \7$aEngland.$2fast$0(OCoLC)fst01219920
=655  \7$aPeriodicals.$2fast$0(OCoLC)fst01411641
=690  7\$aSocial Welfare$2blcoll
=780  15$aGreat Britain. Care Quality Commission$tSafer management of controlled drugs: annual report
=859  \\$aELD$bejournal
=852  41$aBritish Library$bHMNTS$jELD Digital store$3(2011)-(2014)
=CAT  \\$a3072$b40$c20161108$lBLL01$h1504
=CAT  \\$a3072$b40$c20161108$lBLL01$h1505
=CAT  \\$a3072$b40$c20161108$lBLL01$h1607
=CAT  \\$a3072$b40$c20161109$lBLL01$h1536
=CAT  \\$aBATCH-SWP$c20161118$lBLL01$h2223
=CAT  \\$a7332$b40$c20170116$lBLL01$h1254
=CAT  \\$aBATCH-UPD$b40$c20170127$lBLL01$h2047
=CAT  \\$aW1711-1005$c20171206$lBLL01$h1829
=FIN  \\$aY$d20161108
=LAS  \\$aW1711-1005$b00$c20171206$lBLL01$h1829

