=LDR  01758 as a2200469 i 4500
=001  018098177
=003  Uk
=005  20190416135818.0
=006  m\\\\\|\\d\|\\\\\\
=007  cr\|||||||||||
=008  161110d20142015enkar\p\o\\\\o0\\\a0eng\\
=FMT  \\$a  SE
=015  \\$aGBB6F4154$2bnb
=040  \\$aUk$beng$cUk$erda
=042  \\$aukblsr
=082  04$a362.204250942$223
=245  00$aMonitoring the deprivation of liberty safeguards.
=264  \1$a[Newcastle upon Tyne] :$bCare Quality Commission
=300  \\$billustrations (colour), maps (colour)
=310  \\$aAnnual
=336  \\$atext$2rdacontent
=337  \\$acomputer$2rdamedia
=338  \\$aonline resource$2rdacarrier
=362  0\$a2014/2015.
=500  \\$aTitle from PDF cover (Care Quality Commission Web site, viewed November 10, 2016).
=610  10$aGreat Britain.$tMental Capacity Act 2005$vPeriodicals.
=650  \0$aMental health services$zEngland$vPeriodicals.
=650  \0$aMental health laws$zGreat Britain$vPeriodicals.
=690  7\$aSocial Welfare$2blcoll
=710  1\$aGreat Britain.$bCare Quality Commission.
=780  00$tMonitoring the use of the mental capacity act Deprivation of Liberty Safeguards
=785  04$tState of health care and adult social care in England (Online)
=859  \\$aELD$bejournal
=852  41$aBritish Library$bHMNTS$jELD Digital store$3(2014/2015)
=CAT  \\$a8483$b40$c20161110$lBLL01$h1151
=CAT  \\$a8483$b40$c20161110$lBLL01$h1200
=CAT  \\$a14448$b40$c20161111$lBLL01$h1213
=CAT  \\$aW1711-1005$c20171206$lBLL01$h1829
=CAT  \\$a8483$b40$c20190416$lBLL01$h1358
=FIN  \\$aY$d20161110
=LET  \0$aMonitoring the deprivation of liberty safeguards. (Electronic)
=LAS  \\$a8483$b40$c20190416$lBLL01$h1358

