=LDR  01945cas a2200481 i 4500
=001  018105898
=003  Uk
=005  20161116120654.0
=006  m\\\\\|\\d\|\\\\\\
=007  cr\|||||||||||
=008  161116c200u9999enkar\p\o\s\\o0\\\a0eng\\
=FMT  \\$a  SE
=040  \\$aUk$beng$cUk$erda
=042  \\$aukblsr
=082  04$a371.90942021$223
=245  00$aSpecial educational needs in England.
=264  \1$aLondon :$bDepartment for Education
=300  \\$billustrations (colour).
=310  \\$aAnnual
=336  \\$atext$2rdacontent
=337  \\$acomputer$2rdamedia
=338  \\$aonline resource$2rdacarrier
=490  1\$aStatistical first release
=500  \\$a"National Statistics".
=500  \\$aAccompanied on Web site by associated PDFs and Excel tables.
=588  \\$aDescription based on: SFR 19/2010 = January 2010; title from PDF caption (GOV.UK, viewed November 16, 2016).
=588  \\$aLatest issue consulted: 29/2016 = January 2016 (viewed November 16, 2016).
=650  \0$aSpecial education$zEngland$vStatistics$vPeriodicals.
=690  7\$aSocial Welfare$2blcoll
=710  1\$aGreat Britain.$bDepartment for Education,$eissuing body.
=776  08$iAlso issued in print as:$tSpecial educational needs in England
=785  01$tStatements of SEN and EHC plans
=830  \0$aStatistical first release (Great Britain. Department for Education)
=859  \\$aELD$bejournal
=852  41$aBritish Library$bHMNTS$jELD Digital store$3(2016)-(2019:Jan.)
=CAT  \\$a8483$b40$c20161116$lBLL01$h1200
=CAT  \\$a8483$b40$c20161116$lBLL01$h1202
=CAT  \\$a8483$b40$c20161116$lBLL01$h1206
=CAT  \\$aW1711-1005$c20171206$lBLL01$h1829
=FIN  \\$aY$d20161116
=LET  \0$aSpecial educational needs in England (Electronic)
=LKR  \\$aPAR$b017003464$lBLL01$r776$mSpecial educational needs in England (Online)$nSpecial educational needs in England (Print)
=LAS  \\$aW1711-1005$b00$c20171206$lBLL01$h1829

