=LDR  02167cas a2200541 i 4500
=001  018166452
=003  Uk
=005  20220127083519.0
=006  m\\\\\|\\d\|\\\\\\
=007  cr\|||||||||||
=008  170107c20019999nyutr\p\o\\\\\0\\\a0eng\\
=FMT  \\$a  SE
=015  \\$aGBB781219$2bnb
=022  \\$a2234-6643
=037  \\$aISSN_15982408$bPortico$nCambridge University Press
=040  \\$aUk$beng$cUk$dUk$erda
=042  \\$aukblsr
=082  04$a950.05$223
=210  0\$aJ. East Asian Stud.$b(Online)
=222  \0$aJournal of East Asian Studies$b(Online)
=245  00$aJournal of East Asian studies.
=264  \1$a[New York] :$bCambridge University Press
=310  \\$aThree times a year,$b2003-
=321  \\$aSemiannual,$b2001-2002
=336  \\$atext$2rdacontent
=337  \\$acomputer$2rdamedia
=338  \\$aonline resource$2rdacarrier
=362  1\$aPrint began with vol. 1, no. 1 (Feb. 2001).
=500  \\$aDescription based on print record.
=550  \\$aIssued by: East Asian Studies Program, Dept. of Political Science, Korea University, Aug. 2001- ; East Asia Institute, Aug. 2002-
=588  \\$aLatest issue consulted: volume 17, issue 1 (March 2017) (Cambridge Core, viewed May 10, 2017).
=651  \0$aEast Asia$vPeriodicals.
=651  \0$aEast Asia$xPolitics and government$vPeriodicals.
=651  \0$aEast Asia$xEconomic conditions$vPeriodicals.
=651  \0$aEast Asia$xSocial conditions$vPeriodicals.
=710  2\$aTong Asia Yŏn'guwŏn (Korea),$eissuing body.
=776  08$iAlso issued in print as:$tJournal of East Asian studies$x1598-2408
=859  \\$aELD$bejournal
=852  41$aBritish Library$bHMNTS$jELD Digital store$3Volume 14:Number 1(2014)-
=CAT  \\$a8311$b40$c20170107$lBLL01$h1146
=CAT  \\$a5997$b40$c20170510$lBLL01$h0952
=CAT  \\$aW1711-1005$c20171205$lBLL01$h2213
=CAT  \\$a5410$b40$c20220127$lBLL01$h0835
=FIN  \\$aY$d20170510
=LET  \0$aJournal of East Asian studies (Electronic)
=LKR  \\$aPAR$b010489143$lBLL01$nJournal of East Asian studies (Print)$mJournal of East Asian studies (Online)$r776
=MNI  \\$a1598-2408
=LAS  \\$a5410$b40$c20220127$lBLL01$h0835

