=LDR  01864cas a2200433 i 4500
=001  018198300
=003  Uk
=005  20170201121004.0
=006  m\\\\\|\\d\|\\\\\\
=007  cr\|||||||||||
=008  170201c20149999enkar\p\o\\\\o0\\\a0eng\\
=FMT  \\$a  SE
=015  \\$aGBB714836$2bnb
=040  \\$aUk$beng$cUk$erda
=042  \\$aukblsr
=082  04$a347.42016$223
=110  1\$aGreat Britain.$bOffice of the Chief Coroner.
=245  10$aReport of the Chief Coroner to the Lord Chancellor :$b... annual report.
=264  \1$a[London?] :$b[Her Majesty's Stationery Office]
=310  \\$aAnnual
=336  \\$atext$2rdacontent
=337  \\$acomputer$2rdamedia
=338  \\$aonline resource$2rdacarrier
=362  0\$a1st (2013/2014)-
=500  \\$aTitle from PDF cover (GOV.UK, viewed February 1, 2017).
=500  \\$a"Presented to Parliament pursuant to Section 36(6) of the Coroners and Justice Act 2009."
=588  \\$aLatest issue consulted: 3rd (2015/2016), (viewed February 1, 2017).
=610  10$aGreat Britain.$bOffice of the Chief Coroner$vPeriodicals.
=650  \0$aCoroners$zGreat Britain$vPeriodicals.
=776  08$iAlso issued in print as:$aGreat Britain. Office of the Chief Coroner.$tReport of the Chief Coroner to the Lord Chancellor
=859  \\$aELD$bejournal
=852  41$aBritish Library$bHMNTS$jELD Digital store$3(2014/2015)-
=CAT  \\$a8483$b40$c20170201$lBLL01$h1202
=CAT  \\$a8483$b40$c20170201$lBLL01$h1210
=CAT  \\$aW1711-1005$c20171206$lBLL01$h1830
=FIN  \\$aY$d20170201
=LET  \0$aReport of the Chief Coroner to the Lord Chancellor (Electronic)
=LKR  \\$aPAR$b016870974$lBLL01$r776$mReport of the Chief Coroner to the Lord Chancellor : ... annual report (Online)$nReport of the Chief Coroner to the Lord Chancellor : ... annual report (Print)
=LAS  \\$aW1711-1005$b00$c20171206$lBLL01$h1830

