=LDR  01322cas a2200397 i 4500
=001  018220115
=003  Uk
=005  20170209141551.0
=006  m\\\\\|\\d\|\\\\\\
=007  cr\|||||||||||
=008  170209c20149999enkzr\\\o\\\\\0\\\a0eng\\
=FMT  \\$a  SE
=015  \\$aGBB721419$2bnb
=040  \\$aUk$beng$cUk$erda
=042  \\$aukblsr
=082  04$a333.917094261$223
=110  2\$aNorfolk Coast Partnership,$eauthor.
=245  10$aManagement strategy /$cNorfolk Coast Partnership.
=264  \1$aFakenham :$bNorfolk Coast Partnership
=300  \\$biillustrations (colour); maps (colour)
=310  \\$aEvery five years
=336  \\$atext$2rdacontent
=337  \\$acomputer$2rdamedia
=338  \\$aonline resource$2rdacarrier
=362  0\$a2014/19-
=500  \\$aTitle from PDF cover.
=610  20$aNorfolk Coast Partnership$vPeriodicals.
=650  \0$aCoastal zone management$zEngland$zNorfolk$vPeriodicals.
=780  00$aNorfolk Coast Partnership.$tManagement plan
=859  \\$aELD$bejournal
=852  41$aBritish Library$bHMNTS$jELD Digital store$3(2014/2019)-
=CAT  \\$a3072$b40$c20170209$lBLL01$h1415
=CAT  \\$aW1711-1005$c20171206$lBLL01$h1830
=FIN  \\$aY$d20170209
=LET  \0$aNorfolk Coast Partnership. Management plan (Electronic)
=LAS  \\$aW1711-1005$b00$c20171206$lBLL01$h1830

