=LDR  00928cas a22003018i 4500
=001  018232898
=003  Uk
=005  20180125143854.0
=006  m\\\\\\\\d\|\\\\\\
=007  cr||||||||||||
=008  170220c20179999enkar\p\o\\\\\0\\\a0eng\\
=FMT  \\$a  SE
=022  0\$a2514-1155$202
=037  \\$a???$bBusiness Monitor International
=040  \\$aUk$beng$cUk$erda
=222  \0$aMicroPort Scientific medical device companies analysis report
=245  00$aMicroPort Scientific medical device companies analysis report.
=263  \\$a201712
=264  \1$aLondon :$bBMI Research
=310  \\$aAnnual
=336  \\$atext$2rdacontent
=337  \\$acomputer$2rdamedia
=338  \\$aonline resource$2rdacarrier
=859  \\$aELD$bejournal
=852  41$aBritish Library$bHMNTS$jELD Digital store
=CAT  \\$a10973$b40$c20170220$lBLL01$h1123
=CAT  \\$a11147$b40$c20180125$lBLL01$h1438
=LAS  \\$a11147$b40$c20180125$lBLL01$h1438

