=LDR  01912 as a2200493 i 4500
=001  018237391
=003  Uk
=005  20170405113920.0
=006  m\\\\\|\\d\|\\\\\\
=007  cr\|||||||||||
=008  170223c201u9999enkar\p\o\\\\\0\\\a0eng\\
=FMT  \\$a  SE
=040  \\$aUk$beng$cUk$erda
=042  \\$aukblsr
=082  04$a354.5709423$223
=110  1\$aGreat Britain.$bEnvironment Agency,$eauthor.
=245  10$aAnnual fisheries report.$pWessex Area.
=246  1\$iMinor title change:$aAnnual fisheries report.$pWessex,$f2015/2016-
=246  1\$iWeb link title:$aWessex area report
=246  30$aWessex Area
=246  30$aWessex,$f2015/2016-
=264  \1$a[Bristol?] :$bEnvironment Agency
=300  \\$billustrations (colour)
=310  \\$aAnnual
=336  \\$atext$2rdacontent
=337  \\$acomputer$2rdamedia
=338  \\$aonline resource$2rdacarrier
=588  \\$aDescription based on: 2014 to 2015; title from PDF caption (Environment Agency Digital Library, viewed February 23, 2017).
=588  \\$aLatest issue consulted: 2015 to 2016 (GOV.UK, viewed February 23, 2017).
=610  10$aGreat Britain.$bEnvironment Agency$vPeriodicals.
=650  \0$aFishing$zEngland$zWessex$vStatistics$vPeriodicals.
=650  \0$aFisheries$zEngland$zWessex$vPeriodicals.
=650  \0$aRivers$xEnvironmental aspects$zEngland$zWessex$vStatistics$vPeriodicals.
=690  7\$aManagement and Business Studies$2blcoll
=859  \\$aELD$bejournal
=852  41$aBritish Library$bHMNTS$jELD Digital store$3(2015/2016)-(2017/2018)
=CAT  \\$a8483$b40$c20170223$lBLL01$h1547
=CAT  \\$a8483$b40$c20170302$lBLL01$h1057
=CAT  \\$aBATCH-MBS$c20170310$lBLL01$h2133
=CAT  \\$a14346$b40$c20170405$lBLL01$h1139
=CAT  \\$aW1711-1005$c20171206$lBLL01$h1830
=FIN  \\$aY$d20170223
=LET  \0$aAnnual fisheries report. Wessex (Electronic)
=LAS  \\$aW1711-1005$b00$c20171206$lBLL01$h1830

