=LDR  01057cas a22003378i 4500
=001  018245787
=003  Uk
=005  20220820105156.0
=006  m\\\\\\\\d\|\\\\\\
=007  cr||||||||||||
=008  170306c20189999enkqr\p\o\\\\\0\\\a0eng\\
=FMT  \\$a  SE
=022  0\$a2514-3212$202
=037  \\$a???$bInderscience
=040  \\$aUk$beng$cUk$erda
=222  \0$aJournal of supply chain relocation$b(Online)
=245  00$aJournal of supply chain relocation.
=263  \\$a201806
=264  \1$aOlney :$bInderscience Publishers
=310  \\$aQuarterly
=336  \\$atext$2rdacontent
=337  \\$acomputer$2rdamedia
=338  \\$aonline resource$2rdacarrier
=776  08$iAlso issued in print as:$tJournal of supply chain relocation$x2514-3204
=859  \\$aELD$bejournal
=852  41$aBritish Library$bHMNTS$jELD Digital store
=CAT  \\$a10806$b40$c20170306$lBLL01$h1350
=CAT  \\$a10983$b40$c20220820$lBLL01$h1051
=LET  \0$aJournal of supply chain relocation (Electronic)
=MNI  \\$a2514-3204
=LAS  \\$a10983$b40$c20220820$lBLL01$h1051

