=LDR  03924cas a2200877 i 4500
=001  018266247
=003  Uk
=005  20221231145425.0
=006  m\\\\\|\\d\|\\\\\\
=007  cr\|||||||||||
=008  170316c20019999enkfr\p\o\\\\\0\\\a0eng\\
=FMT  \\$a  SE
=015  \\$aGBB7A3716$2bnb
=022  \\$a2456-6330$y0972-3757
=037  \\$aISSN_09723757$bPortico$nTaylor & Francis
=040  \\$aUk$beng$cUk$erda
=042  \\$aukblsr
=082  04$a599.935$223
=222  \0$aInternational journal of human genetics$b(New Delhi) (Online)
=245  00$aInternational journal of human genetics.
=264  \1$a[New Delhi] :$b[Kamla-Raj Enterprises],$c[2001]-
=264  31$32017-$a[Oxford?] :$b[Kamla-Raj and Taylor & Francis]
=310  \\$aSemiannual
=336  \\$atext$2rdacontent
=337  \\$acomputer$2rdamedia
=338  \\$aonline resource$2rdacarrier
=362  0\$aVolume 1, number 1 (March 2001)-
=500  \\$aTitle from contents page (www.krepublishers.com, viewed June 22, 2017).
=588  \\$aLatest issue consulted: volume 17, issue 1 (2017) (Taylor & Francis Online, viewed June 22, 2017).
=540  \\$aBritish Library not licensed to copy$c0$5Uk
=650  \0$aHuman genetics$vPeriodicals.
=776  08$iAlso issued in print as:$tInternational journal of human genetics$x0972-3757
=859  \\$aELD$bejournal
=852  41$aBritish Library$bHMNTS$jELD Digital store$3Volume 16:Number 1/2(2016)-Volume 17:Number 4(2017)
=945  \\$aInternational journal of human genetics.
=979  \\$aBritish Library$bDSC$j4542.288350
=CAT  \\$a10983$b40$c20170316$lBLL01$h1401
=CAT  \\$a10806$b40$c20170622$lBLL01$h1353
=CAT  \\$a10806$b40$c20170622$lBLL01$h1358
=CAT  \\$a10806$b40$c20170622$lBLL01$h1400
=CAT  \\$aBATCH-UPD$b40$c20171121$lBLL01$h1651
=CAT  \\$aW1711-1005$c20171206$lBLL01$h1830
=CAT  \\$aIPL-CLA$c20171231$lBLL01$h1834
=CAT  \\$a10983$b40$c20180312$lBLL01$h1148
=CAT  \\$aBATCH-UPD$b40$c20181217$lBLL01$h1641
=CAT  \\$aIPL-CLA$c20181231$lBLL01$h1556
=CAT  \\$a5552$b40$c20190211$lBLL01$h1415
=CAT  \\$a5552$b40$c20190211$lBLL01$h1608
=CAT  \\$aBLDSS-3PM$b00$c20190305$lBLL01$h1644
=CAT  \\$aBATCH-UPD$b00$c20190305$lBLL01$h1645
=CAT  \\$a5552$b40$c20190322$lBLL01$h0848
=CAT  \\$aBATCH-UPD$b40$c20191122$lBLL01$h1903
=CAT  \\$aIPL-CLA$c20191231$lBLL01$h2044
=CAT  \\$a5552$b40$c20201029$lBLL01$h0749
=CAT  \\$aBATCH-CLA$b00$c20201203$lBLL01$h1356
=CAT  \\$aIPL-CLA$c20201231$lBLL01$h1534
=CAT  \\$aBATCH-CLA$b00$c20210328$lBLL01$h1311
=CAT  \\$aIPL-CLA$c20210331$lBLL01$h1704
=CAT  \\$aBATCH-CLA$b00$c20220329$lBLL01$h1633
=CAT  \\$aIPL-CLA$c20220331$lBLL01$h1953
=CAT  \\$aBATCH-CLA$b00$c20221206$lBLL01$h1706
=CAT  \\$aIPL-CLA$c20221231$lBLL01$h1454
=CFI  0\$aBritish Library not licensed to copy$c0$e01-jan-2023$hC$iCFP Excluded$5Uk
=CFI  2\$aPrevious Copyright Fee: GBP22.50$c0$e01-apr-2022$fGBP22.50$g0$hC$5Uk
=FIN  \\$aY$d20170622
=LET  \0$aInternational journal of human genetics (Electronic)
=LKR  \\$aPAR$b009858532$lBLL01$r776$mInternational journal of human genetics (New Delhi) (Online)$nINTERNATIONAL JOURNAL OF HUMAN GENETICS.
=MNI  \\$a0972-3757
=ACF  \\$aPrevious Copyright Fee: GBP28.00$c2\0$e30-may-2017$fGBP28.00$g0$hP$5Uk
=ACF  \\$aPrevious copyright fee: GBP30.00$c2\0$e01-jan-2018$fGBP30.00$g0$hP$5Uk
=ACF  \\$aPrevious copyright fee: GBP34.00$c2\0$e01-jan-2020$fGBP34.00$g0$hP$5Uk
=ACF  \\$aPrevious copyright fee: GBP32.00$c2\0$e01-jan-2019$fGBP32.00$g0$hP$5Uk
=ACF  \\$aBritish Library not licensed to copy$c0$e29-oct-2020$hC$iTX$5Uk
=ACF  \\$aPrevious Copyright Fee: GBP22.50$c0$e01-jan-2021$fGBP22.50$g0$hC$5Uk
=ACF  \\$aPrevious Copyright Fee: GBP0.00$c0$e01-apr-2021$fGBP0.00$g0$hC$5Uk
=LAS  \\$aIPL-CLA$b00$c20221231$lBLL01$h1454

