=LDR  01969 as a2200493 i 4500
=001  018266844
=003  Uk
=005  20170502113450.0
=006  m\\\\\|\\d\|\\\\\\
=007  cr\|||||||||||
=008  170317d20122015enk\r\p\o\s\\o0\\\a0eng\\
=FMT  \\$a  SE
=040  \\$aUk$beng$cUk$erda
=042  \\$aukblsr
=082  04$a373.1262$223
=245  00$aA level and other level 3 results in England ... provisional.
=264  \1$aLondon :$bDepartment for Education
=300  \\$billustrations (colour).
=310  \\$aAnnual
=336  \\$atext$2rdacontent
=337  \\$acomputer$2rdamedia
=338  \\$aonline resource$2rdacarrier
=362  0\$a2012/2013 = SFR 41/2013-2014/2015 = SFR 38/2015.
=490  1\$aStatistical first release
=500  \\$aTitle from PDF caption (GOV.UK, viewed March 17, 2017).
=588  \\$aLatest issue consulted: 2014/2015 = SFR 38/2015 (viewed March 17, 2017).
=650  \0$aA-level examinations$zEngland$vStatistics$vPeriodicals.
=650  \0$aAcademic achievement$zEngland$vStatistics$vPeriodicals.
=710  1\$aGreat Britain.$bDepartment for Education (2010- ),$eissuing body.
=780  00$tAl level and equivalent results in England (provisional)
=785  00$tProvisional A level and other 16-18 results in England
=830  \0$aStatistical first release (Great Britain. Department for Education (2010-))
=859  \\$aELD$bejournal
=852  41$aBritish Library$bHMNTS$jELD Digital store$3(2012/2013)-(2014/2015)
=CAT  \\$a8483$b40$c20170317$lBLL01$h0916
=CAT  \\$a8483$b40$c20170317$lBLL01$h0918
=CAT  \\$a8483$b40$c20170321$lBLL01$h1304
=CAT  \\$a8483$b40$c20170321$lBLL01$h1341
=CAT  \\$a14586$b40$c20170502$lBLL01$h1134
=CAT  \\$aW1711-1005$c20171206$lBLL01$h1830
=CAT  \\$aBATCH-UPD$b00$c20210514$lBLL01$h2121
=FIN  \\$aY$d20170317
=LET  \0$aA level and other level 3 results in England - Provisional (Electronic)
=LAS  \\$aBATCH-UPD$b00$c20210514$lBLL01$h2121

