=LDR  02646cas a2200577 i 4500
=001  018308406
=003  Uk
=005  20230713072948.0
=006  m\\\\\|\\d\|\\\\\\
=007  cr\|||||||||||
=008  170420c201u9999enkar\p\o\\\\\0\\\a0eng\\
=FMT  \\$a  SE
=015  \\$aGBB7O2915$2bnb
=040  \\$aUk$beng$cUk$dUk$erda
=042  \\$aukblsr
=082  04$a387.10941021$223
=245  00$aUK port freight statistics ... :$bfinal figures.
=246  1\$iFrom 2014, PDF running title:$aAnnual port freight statistics
=250  \\$a[Annual edition].
=264  \1$a[London] :$bDepartment for Transport
=300  \\$billustrations (colour)
=310  \\$aAnnual
=336  \\$atext$2rdacontent
=337  \\$acomputer$2rdamedia
=338  \\$aonline resource$2rdacarrier
=500  \\$aHas supplements entitled: Port freight statistics: notes and definitions <2016>-.
=580  \\$aProvisional quarterly statistics are also issued (catalogued separately).
=588  \\$aDescription based on: 2011 issue; title from PDF caption (GOV.UK, viewed April 20, 2017).
=588  \\$aLatest issue consulted: 2015 issue (viewed April 20, 2017).
=650  \0$aFreight and freightage$zGreat Britain$vStatistics$vPeriodicals.
=650  \0$aMarine terminals$zGreat Britain$vStatistics$vPeriodicals.
=650  \0$aShipping$zGreat Britain$vStatistics$vPeriodicals.
=710  1\$aGreat Britain.$bDepartment for Transport,$eissuing body.
=773  08$iFrom 2021 content issued in HTML on webpage:$aGreat Britain. Department for Transport$tMaritime and shipping statistics
=787  1\$tUK port freight statistics
=859  \\$aELD$bejournal
=852  41$aBritish Library$bHMNTS$jELD Digital store$3(2011)-
=985  \\$aThe notes and definitions apply both to this Annual and the Quarterly edition - so added to this one with note. Decided not to make any mention of it on the other in case they got added to that one by mistake - GC 14/12/17
=CAT  \\$a8483$b40$c20170420$lBLL01$h1417
=CAT  \\$a8483$b40$c20170420$lBLL01$h1419
=CAT  \\$a8483$b40$c20170420$lBLL01$h1439
=CAT  \\$a14346$b40$c20170502$lBLL01$h0859
=CAT  \\$aW1711-1005$c20171205$lBLL01$h2213
=CAT  \\$a3072$b40$c20171214$lBLL01$h1015
=CAT  \\$a3072$b40$c20171214$lBLL01$h1016
=CAT  \\$a8124$b40$c20230711$lBLL01$h0757
=CAT  \\$a8124$b40$c20230713$lBLL01$h0729
=FIN  \\$aY$d20170420
=LET  \0$aUK port freight statistics - Annual (Electronic)
=LKR  \\$aPAR$b018307557$lBLL01$r787$mUK port freight statistics ... : final figures (Annual)$nUK port freight statistics (Quarterly)
=LAS  \\$a8124$b40$c20230713$lBLL01$h0729

