=LDR  02017cas a2200481 i 4500
=001  018312320
=003  Uk
=005  20211130150107.0
=006  m\\\\\|\\d\|\\\\\\
=007  cr\|||||||||||
=008  170425c201u9999enkar\p\o\\\\o0\\\a0eng\\
=FMT  \\$a  SE
=015  \\$aGBB770997$2bnb
=040  \\$aUk$beng$cUk$erda
=042  \\$aukblsr
=082  04$a352.440941$223
=110  1\$aGreat Britain.$bHM Revenue & Customs,$eauthor.
=245  10$aSustainability report :$bHM Revenue & Customs (HMRC) and the Valuation Office Agency (VOA).
=246  1\$iMinor title change:$aHMRC and VOA sustainability report,$f2015/2016-
=264  \1$a[London?] :$bHM Revenue & Customs
=300  \\$billustrations (colour)
=310  \\$aAnnual
=336  \\$atext$2rdacontent
=337  \\$acomputer$2rdamedia
=338  \\$aonline resource$2rdacarrier
=588  \\$aDescription based on: 2013/2014 issue; title from PDF caption (National Archives snapshot, taken on 4/6/2015, viewed April 25, 2017).
=588  \\$aLatest issue consulted: 2015/2016 (GOV.UK, viewed April 25, 2017).
=500  \\$aFrom 2016/2017 issued in HTML format.
=610  10$aGreat Britain.$bHM Revenue & Customs$vPeriodicals.
=610  10$aGreat Britain.$bValuation Office Agency$vPeriodicals.
=650  \0$aSocial responsibility of business$zGreat Britain$vPeriodicals.
=690  7\$aManagement and Business Studies$2blcoll
=859  \\$aELD$bejournal
=852  41$aBritish Library$bHMNTS$jELD Digital store$3(2015/2016)
=985  \\$aThere is a heading for "Great Britain. Value Office". If this is the correct heading, a variant to reference "Agency" would be useful.
=CAT  \\$a8483$b40$c20170425$lBLL01$h1440
=CAT  \\$a14346$b40$c20170502$lBLL01$h0858
=CAT  \\$aBATCH-MBS$c20170505$lBLL01$h2126
=CAT  \\$aW1711-1005$c20171206$lBLL01$h1830
=CAT  \\$a8483$b40$c20211130$lBLL01$h1501
=FIN  \\$aY$d20170425
=LET  \0$aHMRC and VOA sustainability report (Electronic)
=LAS  \\$a8483$b40$c20211130$lBLL01$h1501

