=LDR  02079cas a2200493 i 4500
=001  018340059
=003  Uk
=005  20170515101226.0
=006  m\\\\\|\\d\|\\\\\\
=007  cr\|||||||||||
=008  170510c20129999enkar\p\o\\\\\0\\\a0eng\\
=FMT  \\$a  SE
=040  \\$aUk$beng$cUk$erda
=042  \\$aukblsr
=082  04$a700.9429$223
=245  00$aWales Local Authority arts investment and partnerships survey.
=246  1\$iMinor title change:$aLocal Authority arts investment & partnership survey
=264  \1$a[Cardiff] :$bCyngor Celfyddydau Cymru, Arts Council of Wales
=300  \\$billustrations (colour), maps (colour)
=310  \\$aAnnual
=336  \\$atext$2rdacontent
=337  \\$acomputer$2rdamedia
=338  \\$aonline resource$2rdacarrier
=362  0\$a2012/2013-
=500  \\$aTitle from PDF cover (Arts Council of Wales Web site, viewed May 10, 2017).
=588  \\$aLatest issue consulted: 2016/2017 (viewed May 10, 2017).
=650  \0$aArts$zWales$xFinance$vStatistics$vPeriodicals.
=650  \0$aGovernment aid to the arts$zWales$vPeriodicals.
=710  2\$aArts Council of Wales,$eissuing body.
=710  2\$aArts Development UK,$eissuing body.
=775  08$iWelsh version:$tArolwg o bartneriaethau a buddsoddi Celfyddydol Awdurdodau Lleol Cymru
=780  00$tWelsh Local Authority arts expenditure survey
=859  \\$aELD$bejournal
=852  41$aBritish Library$bHMNTS$jELD Digital store$3(2012/2013)-
=CAT  \\$a8483$b40$c20170510$lBLL01$h1127
=CAT  \\$a8483$b40$c20170510$lBLL01$h1139
=CAT  \\$a8483$b40$c20170510$lBLL01$h1141
=CAT  \\$a8871$b40$c20170512$lBLL01$h1209
=CAT  \\$a14346$b40$c20170515$lBLL01$h1012
=CAT  \\$aW1711-1005$c20171206$lBLL01$h1830
=FIN  \\$aY$d20170510
=LET  \0$aWales Local Authority arts investment and partnerships survey (Electronic)
=LKR  \\$aPAR$b018335133$lBLL01$r775$mWales Local Authority arts investment and partnerships survey.$nArolwg o bartneriaethau a buddsoddi Celfyddydol Awdurdodau Lleol Cymru
=LAS  \\$aW1711-1005$b00$c20171206$lBLL01$h1830

