=LDR  02970cas a2200565 i 4500
=001  018343125
=003  Uk
=005  20190912100300.0
=006  m\\\\\|\\d\|\\\\\\
=007  cr\|||||||||||
=008  170516c20169999enkar\\\o\\\\o0\\\a0eng\\
=FMT  \\$a  SE
=015  \\$aGBB784563$2bnb
=040  \\$aUk$beng$cUk$dUk$erda
=042  \\$aukblsr
=082  04$a355.033541$223
=110  1\$aGreat Britain,$eauthor.
=245  10$aNational security strategy and strategic defence and security review 2015 ... annual report /$cHM Government.
=246  13$aNational security strategy and strategic defence and security review ... annual report
=246  1\$iWeb link title:$aNSS and SDSR 2015 ... annual report
=264  \1$a[London] :$b[Cabinet Office],$c2016-
=300  \\$billustrations (colour)
=310  \\$aAnnual
=336  \\$atext$2rdacontent
=337  \\$acomputer$2rdamedia
=338  \\$aonline resource$2rdacarrier
=362  0\$a1st (2016)-
=588  \\$aLatest issue consulted: third annual report (July 2019) (GOV.UK, viewed September 12, 2019).
=550  \\$aIssued in association with: Department for International Development, Foreign & Commonwealth Office, Prime Minister's Office, Home Office, Ministry of Defence.
=500  \\$aTitle from PDF cover (GOV.UK, viewed May 16, 2017).
=500  \\$aThis annual report sets out the government's progress in implementing the key commitments made in the 2015 National Security Strategy and Strategic Defence and Security Review. It explains the government's response to major developments with national security implications.
=650  \0$aNational security$zGreat Britain$vPeriodicals.
=651  \0$aGreat Britain$xMilitary policy$vPeriodicals.
=710  1\$aGreat Britain.$bCabinet Office,$eIssuing body.
=710  1\$aGreat Britain.$bDepartment for International Development,$eIssuing body.
=710  1\$aGreat Britain.$bForeign and Commonwealth Office,$eIssuing body.
=710  1\$aGreat Britain.$bPrime Minister's Office,$eIssuing body.
=710  1\$aGreat Britain.$bHome Office,$eIssuing body.
=710  1\$aGreat Britain.$bMinistry of Defence,$eIssuing body.
=859  \\$aELD$bejournal
=852  41$aBritish Library$bHMNTS$jELD Digital store$3(2016)-
=985  \\$aStrategic defence & Security reviews issued periodically by the Government. Last one was in 2010. Annual reports reporting on progress in implementation then issued. Therefore this is an annual report specifically on implementation of the 2015 review
=985  \\$aDetails on issuing departments taken from GOV.UK webpage
=CAT  \\$a8124$b40$c20170516$lBLL01$h1235
=CAT  \\$a8124$b40$c20170517$lBLL01$h0839
=CAT  \\$aW1711-1005$c20171206$lBLL01$h1830
=CAT  \\$a8124$b40$c20190912$lBLL01$h1003
=FIN  \\$aY$d20170516
=LET  \0$aNational security strategy and strategic defence and security review 2015 ... annual report (Electronic)
=LAS  \\$a8124$b40$c20190912$lBLL01$h1003

