=LDR  02223cas a2200565 i 4500
=001  016438402
=003  Uk
=005  20221005122921.0
=006  m\\\\\|\\d\|\\\\\\
=007  cr\|||||||||||
=008  130628d201u2019stkar\\\o\\\\\0\\\a0eng\\
=FMT  \\$a  SE
=015  \\$aGBC216967$2bnb
=040  \\$aUk$beng$cUk$dUk$erda
=042  \\$aukblsr
=082  04$a338.9411$223
=245  00$aEurope 2020.$pScottish National Reform Programme.
=246  1\$iMinor title change:$aEurope 2020.$pScotland's National Reform Programme$f2018-
=264  \1$aEdinburgh :$bScottish Government
=310  \\$aAnnual
=336  \\$atext$2rdacontent
=337  \\$acomputer$2rdamedia
=338  \\$aonline resource$2rdacarrier
=362  0\$a-2019.
=588  \\$aDescription based on: 2016 issue; title from PDF cover.
=588  \\$aLatest issue consulted: 2019 (GOV.scot, viewed October 5, 2022).
=610  20$aScottish National Reform Programme$vPeriodicals.
=650  \0$aManpower policy$zScotland$vPeriodicals.
=650  \0$aEconomic development$zScotland$vPeriodicals.
=650  \0$aSustainable development$zScotland$vPeriodicals.
=651  \0$aGreat Britain$xEconomic policy$y1997-$vPeriodicals.
=651  \0$aEurope$xEconomic policy$y1997-$vPeriodicals.
=690  7\$aManagement and Business Studies$2blcoll
=859  \\$aELD$bejournal
=852  41$aBritish Library$bHMNTS$jELD Digital store$3(2013)-(2019)
=985  \\$avariant needed for 610? - Scotland's National Reform Programme.
=985  \\$aNone found after 2019 one just publish the UK one now? (which has dropped UK from title)
=CAT  \\$a10983$b40$c20130628$lBLL01$h0925
=CAT  \\$aWR13.114$c20130717$lBLL01$h1315
=CAT  \\$aWR14_072$c20140608$lBLL01$h1433
=CAT  \\$aWR15_120$c20150910$lBLL01$h1827
=CAT  \\$aW1711-1005$c20171205$lBLL01$h2212
=CAT  \\$a3072$b40$c20220119$lBLL01$h1749
=CAT  \\$a3072$b40$c20220207$lBLL01$h1142
=CAT  \\$a3072$b40$c20220207$lBLL01$h1143
=CAT  \\$aBATCH-MBS$c20220211$lBLL01$h2200
=CAT  \\$a8124$b40$c20221005$lBLL01$h1229
=FIN  \\$aY$d20220207
=LET  \0$aEurope 2020. Scotland's National Reform Programme (Electronic)
=LAS  \\$a8124$b40$c20221005$lBLL01$h1229

