=LDR  02120cas a2200565 i 4500
=001  016445355
=003  Uk
=005  20140708135332.0
=006  m\\\\\|\\d\|\\\\\\
=007  cr\|||||||||||
=008  130704c199u9999enkmr\\\os\\\\0\\\a0eng\\
=FMT  \\$a  SE
=015  \\$aGBB358470$2bnb
=040  \\$aUk$beng$cUk$erda
=042  \\$aukblsr
=082  04$a338.4762382$223
=245  00$aShipType orderbook monitor.
=246  3\$aShip type orderbook monitor
=246  17$aWorld shipyard monitor database
=264  \1$aLondon :$bClarkson Research Services Limited
=310  \\$aMonthly
=336  \\$atext$2rdacontent
=337  \\$acomputer$2rdamedia
=338  \\$aonline resource$2rdacarrier
=515  \\$aShares numbering with: World shipyard monitor.
=588  \\$aDescription based on: Volume 20, no. 5 (May 2013); title from PDF caption (email, sent May 16, 2013).
=650  \0$aShipbuilding industry$vPeriodicals.
=650  \0$aShipyards$vStatistics$vPeriodicals.
=650  \0$aShipbuilding$vStatistics$vPeriodicals.
=690  7\$aManagement and Business Studies$2blcoll
=710  2\$aClarkson Research Services Limited.
=776  08$iAlso available in print as:$tShiptype orderbook monitor
=777  0\$tWorld shipyard monitor$x1358-8788
=787  0\$tClarksons world fleet register
=859  \\$aELD$bejournal
=852  41$aBritish Library$bSTI$jELD Digital store$3Volume 20:Number 4(2013:Apr.)-
=CAT  \\$a3072$b40$c20130704$lBLL01$h1537
=CAT  \\$a3072$b40$c20130704$lBLL01$h1538
=CAT  \\$a3072$b40$c20130708$lBLL01$h1228
=CAT  \\$aWR13.114$c20130717$lBLL01$h1315
=CAT  \\$aBATCH-MBS$c20130719$lBLL01$h2126
=CAT  \\$a5997$b40$c20130819$lBLL01$h1410
=CAT  \\$aWR14_072$c20140608$lBLL01$h1433
=CAT  \\$a10806$b40$c20140708$lBLL01$h1353
=CAT  \\$aWR15_120$c20150910$lBLL01$h1827
=CAT  \\$a9572$b40$c20170906$lBLL01$h1134
=CAT  \\$aW1711-1005$c20171206$lBLL01$h1825
=FIN  \\$aY$d20130708
=LKR  \\$aPAR$b012449016$lBLL01$r777$mShiptype orderbook monitor$nWorld shipyard monitor
=LAS  \\$aW1711-1005$b00$c20171206$lBLL01$h1825

