=LDR  02464 as a2200457 i 4500
=001  016473983
=003  Uk
=005  20170103103733.0
=006  m\\\\\|\\d\|\\\\\\
=007  cr\|||||||||||
=008  130814c199u9999enkar\\\o\\\\\0\\\a0eng\\
=FMT  \\$a  SE
=040  \\$aUk$beng$cUk$erda
=042  \\$aukblsr
=082  04$a338.76$223
=110  2\$aJPMorgan Asset Management (UK) Limited,$eauthor.
=245  10$aAnnual report for the year ended 31 December ... /$cJPMorgan Asset Management (UK) Limited.
=264  \1$aLondon :$bJPMorgan Asset Management (UK) Limited
=310  \\$aAnnual
=336  \\$atext$2rdacontent
=337  \\$acomputer$2rdamedia
=338  \\$aonline resource$2rdacarrier
=588  \\$aDescription based on: 2007 issue; title from PDF cover.
=588  \\$aLatest issue consulted: 2012.
=610  20$aJPMorgan Asset Management (UK)$xFinance$vPeriodicals.
=650  \0$aCorporation reports$zGreat Britain$vPeriodicals.
=690  7\$aManagement and Business Studies$2blcoll
=859  \\$aELD$bejournal
=852  41$aBritish Library$bHMNTS$jELD Digital store$3(2012)
=985  \\$anew body
=985  \\$aRequest from PT to upgrade - 2007-2012 issues. I've searched via Google, but I can't find the equivalent annual reports for any later issues. There are numerous annual reports describing the various investment funds they manage, but I can't easily find their own director's annual report describing their own finances. I don't think these company annual reports are liable for legal deposit, as they're collected by Companies House. I tried to search Companies House website, but you have to pay. If more issues are sent in they can be added. DDC instructions go round in a circle; 332.6 "class desc & analysis ..." in 338.7; 338.761 "for financial institutions see 332 ...". 338 seems more logical, as about the business enterprise and not investments, but number kept general as unsure - wanted to put 338.761332 - GC 3/1/17.
=CAT  \\$a10902$b40$c20130814$lBLL01$h1121
=CAT  \\$aWR14_072$c20140608$lBLL01$h1433
=CAT  \\$aWR15_120$c20150910$lBLL01$h1827
=CAT  \\$a3072$b40$c20161222$lBLL01$h1549
=CAT  \\$a3072$b40$c20170103$lBLL01$h1037
=CAT  \\$aBATCH-MBS$c20170106$lBLL01$h2113
=CAT  \\$aW1711-1005$c20171206$lBLL01$h1825
=FIN  \\$aY$d20161222
=LET  \0$aAnnual report - JPMorgan Asset Management (UK) (Electronic)
=LAS  \\$aW1711-1005$b00$c20171206$lBLL01$h1825

