=LDR  00831 as a22002657i 4500
=001  016487880
=003  Uk
=005  20130902164235.0
=006  m\\\\\|\\d\|\\\\\\
=007  cr\|||||||||||
=008  130902c\\\\9999\\\\\\p\o\\\\\0\\\a0eng\\
=FMT  \\$a  SE
=245  00$aGlobal Retail View
=264  \1$bCB Richard Ellis
=336  \\$atext$2rdacontent
=337  \\$acomputer$2rdamedia
=338  \\$aonline resource$2rdacarrier
=859  \\$aELD$bejournal
=852  41$aBritish Library$bHMNTS$jELD Digital store$3Quarter 1(2013)-Quarter 2(2013)
=985  \\$aELD accessioning record awaiting upgrade
=CAT  \\$a11433$b40$c20130902$lBLL01$h1642
=CAT  \\$aWR14_072$c20140608$lBLL01$h1433
=CAT  \\$aWR15_120$c20150910$lBLL01$h1827
=CAT  \\$aW1711-1005$c20171206$lBLL01$h1825
=LAS  \\$aW1711-1005$b00$c20171206$lBLL01$h1825

