=LDR  01198 as a22003377i 4500
=001  016491312
=003  Uk
=005  20140819093737.0
=006  m\\\\\|\\d\|\\\\\\
=007  cr\|||||||||||
=008  130905d\\\\2013xxkbr\p\o\\\\\0\\\a0eng\\
=FMT  \\$a  SE
=022  \\$a0306-2988
=245  00$aStainless steel industry.
=264  \1$bModern Metals Publications Ltd.
=336  \\$atext$2rdacontent
=337  \\$acomputer$2rdamedia
=338  \\$aonline resource$2rdacarrier
=540  \\$aCurrent Copyright Fee: GBP12.30$c0$5Uk
=859  \\$aELD$bejournal
=852  41$aBritish Library$bHMNTS$jELD Digital store$3Volume 41:Number 241(2013:Jun.)-Volume 41:Number 244(2013:Dec.)
=985  \\$aELD accessioning record awaiting upgrade
=CAT  \\$a10902$b40$c20130905$lBLL01$h1113
=CAT  \\$aBATCH-CLA$b00$c20131129$lBLL01$h1700
=CAT  \\$aIPL-CLA$c20140101$lBLL01$h0214
=CAT  \\$aWR14_072$c20140608$lBLL01$h1433
=CAT  \\$a8201$b40$c20140819$lBLL01$h0937
=CAT  \\$aWR15_120$c20150910$lBLL01$h1827
=CAT  \\$aW1711-1005$c20171206$lBLL01$h1825
=CFI  0\$aCurrent Copyright Fee: GBP12.30$c0$e01-jan-2014$fGBP12.30$g0$hC$5Uk
=LAS  \\$aW1711-1005$b00$c20171206$lBLL01$h1825

