=LDR  00842 as a22002657i 4500
=001  016491760
=003  Uk
=005  20130906122338.0
=006  m\\\\\|\\d\|\\\\\\
=007  cr\|||||||||||
=008  130906c\\\\9999\\\\\\p\o\\\\\0\\\a0eng\\
=FMT  \\$a  SE
=245  00$aTransparency data : Workforce management information
=264  \1$bMinistry of Justice
=336  \\$atext$2rdacontent
=337  \\$acomputer$2rdamedia
=338  \\$aonline resource$2rdacarrier
=859  \\$aELD$bejournal
=852  41$aBritish Library$bHMNTS$jDigital store
=852  41$aBritish Library$bHMNTS$jELD Digital store
=985  \\$aELD accessioning record awaiting upgrade
=CAT  \\$a11433$b40$c20130906$lBLL01$h1220
=CAT  \\$a11433$b40$c20130906$lBLL01$h1223
=CAT  \\$aW1711-1005$c20171206$lBLL01$h1825
=LAS  \\$aW1711-1005$b00$c20171206$lBLL01$h1825

