=LDR  01382 as a22003257i 4500
=001  016505175
=003  Uk
=005  20141009121559.0
=006  m\\\\\|\\d\|\\\\\\
=007  cr\|||||||||||
=008  130925c\\\\9999\\\\\\p\o\\\\\0\\\a0eng\\
=FMT  \\$a  SE
=245  00$aBenefit unit median weekly earnings and total income for Great Britain :$bFamily Resources Survey.
=264  \1$bDepartment for Work and Pensions.
=336  \\$atext$2rdacontent
=337  \\$acomputer$2rdamedia
=338  \\$aonline resource$2rdacarrier
=690  7\$aSocial Welfare$2blcoll
=859  \\$aELD$bejournal
=852  41$aBritish Library$bHMNTS$jELD Digital store$3(2011/2012)
=985  \\$aBest as mono. On an "Ad hoc statistical analysis page" https://www.gov.uk/government/collections/ad-hoc-statistical-analysis-2013-quarter-3. So, I think they are going to produce them as and when they feel like it, with no regularity (and probably no consistency of title)! -GC
=CAT  \\$a10902$b40$c20130925$lBLL01$h1435
=CAT  \\$a10902$b40$c20130925$lBLL01$h1436
=CAT  \\$a3072$b40$c20131031$lBLL01$h1336
=CAT  \\$a3072$b40$c20131031$lBLL01$h1339
=CAT  \\$aWR14_072$c20140608$lBLL01$h1434
=CAT  \\$a11279$b40$c20141009$lBLL01$h1215
=CAT  \\$aWR15_120$c20150910$lBLL01$h1827
=CAT  \\$aW1711-1005$c20171206$lBLL01$h1825
=LAS  \\$aW1711-1005$b00$c20171206$lBLL01$h1825

