=LDR  00842 as a22002657i 4500
=001  016540769
=003  Uk
=005  20131111115333.0
=006  m\\\\\|\\d\|\\\\\\
=007  cr\|||||||||||
=008  131111c\\\\9999\\\\\\p\o\\\\\0\\\a0eng\\
=FMT  \\$a  SE
=245  00$aAnnual Report HMP Oakwood
=264  \1$bIndependent Monitoring Board
=336  \\$atext$2rdacontent
=337  \\$acomputer$2rdamedia
=338  \\$aonline resource$2rdacarrier
=859  \\$aELD$bejournal
=852  41$aBritish Library$bHMNTS$jELD Digital store$3(2012/2013)-(2015/2016)
=985  \\$aELD accessioning record awaiting upgrade
=CAT  \\$a11433$b40$c20131111$lBLL01$h1153
=CAT  \\$aWR14_072$c20140608$lBLL01$h1434
=CAT  \\$aWR15_120$c20150910$lBLL01$h1827
=CAT  \\$aW1711-1005$c20171206$lBLL01$h1826
=LAS  \\$aW1711-1005$b00$c20171206$lBLL01$h1826

