=LDR  00951 as a22002777i 4500
=001  016556209
=003  Uk
=005  20131202121154.0
=006  m\\\\\|\\d\|\\\\\\
=007  cr\|||||||||||
=008  131202c\\\\9999\\\\\\p\o\\\\\0\\\a0eng\\
=FMT  \\$a  SE
=245  00$aNORTH and MIDLANDS INDEPENDENT MONITORING BOARD ANNUAL REPORT on the SHORT TERM HOLDING FACILITIES for the calendar year
=264  \1$bIMB
=336  \\$atext$2rdacontent
=337  \\$acomputer$2rdamedia
=338  \\$aonline resource$2rdacarrier
=859  \\$aELD$bejournal
=852  41$aBritish Library$bHMNTS$jELD Digital store$3(2010)-(2015)
=985  \\$aELD accessioning record awaiting upgrade
=CAT  \\$a8311$b40$c20131202$lBLL01$h1211
=CAT  \\$aBATCH-859E$c20131203$lBLL01$h0614
=CAT  \\$aWR14_072$c20140608$lBLL01$h1435
=CAT  \\$aWR15_120$c20150910$lBLL01$h1827
=CAT  \\$aW1711-1005$c20171206$lBLL01$h1826
=LAS  \\$aW1711-1005$b00$c20171206$lBLL01$h1826

