=LDR  00960 as a22002897i 4500
=001  016556258
=003  Uk
=005  20150813125156.0
=006  m\\\\\|\\d\|\\\\\\
=007  cr\|||||||||||
=008  131202d200u2013\\\\\\p\o\\\\\0\\\a0eng\\
=FMT  \\$a  SE
=245  00$aHMP/YOI NORTHALLERTON ANNUAL REPORT OF THE INDEPENDENT MONITORING BOARD
=264  \1$bIMB
=336  \\$atext$2rdacontent
=337  \\$acomputer$2rdamedia
=338  \\$aonline resource$2rdacarrier
=859  \\$aELD$bejournal
=852  41$aBritish Library$bHMNTS$jELD Digital store$3(2009/2010)-(2012/2013)
=985  \\$aELD accessioning record awaiting upgrade
=CAT  \\$a8311$b40$c20131202$lBLL01$h1331
=CAT  \\$aBATCH-859E$c20131203$lBLL01$h0614
=CAT  \\$aWR14_072$c20140608$lBLL01$h1435
=CAT  \\$a6550$b40$c20150813$lBLL01$h1251
=CAT  \\$aWR15_120$c20150910$lBLL01$h1827
=CAT  \\$aW1711-1005$c20171206$lBLL01$h1826
=LAS  \\$aW1711-1005$b00$c20171206$lBLL01$h1826

