=LDR  00914 as a22002777i 4500
=001  016557071
=003  Uk
=005  20131203155521.0
=006  m\\\\\|\\d\|\\\\\\
=007  cr\|||||||||||
=008  131203c\\\\9999\\\\\\p\o\\\\\0\\\a0eng\\
=FMT  \\$a  SE
=245  00$aANNUAL REPORT Independent Monitoring Board YARL'S WOOD IMMIGRATION REMOVAL CENTRE
=264  \1$bIMB
=336  \\$atext$2rdacontent
=337  \\$acomputer$2rdamedia
=338  \\$aonline resource$2rdacarrier
=859  \\$aELD$bejournal
=852  41$aBritish Library$bHMNTS$jELD Digital store$3(2010)-(2014)
=985  \\$aELD accessioning record awaiting upgrade
=CAT  \\$a8311$b40$c20131203$lBLL01$h1555
=CAT  \\$aBATCH-859E$c20131205$lBLL01$h0013
=CAT  \\$aWR14_072$c20140608$lBLL01$h1435
=CAT  \\$aWR15_120$c20150910$lBLL01$h1827
=CAT  \\$aW1711-1005$c20171206$lBLL01$h1826
=LAS  \\$aW1711-1005$b00$c20171206$lBLL01$h1826

