=LDR  00808 as a22002537i 4500
=001  016560897
=003  Uk
=005  20131205111028.0
=006  m\\\\\|\\d\|\\\\\\
=007  cr\|||||||||||
=008  131205c\\\\9999\\\\\\p\o\\\\\0\\\a0eng\\
=FMT  \\$a  SE
=245  00$aIndependent Monitoring Board for HM Prison full Sutton Annual Report
=264  \1$bIMB
=336  \\$atext$2rdacontent
=337  \\$acomputer$2rdamedia
=338  \\$aonline resource$2rdacarrier
=859  \\$aELD$bejournal
=852  41$aBritish Library$bHMNTS$jELD Digital store$3(2009/2010)-(2013)
=985  \\$aELD accessioning record awaiting upgrade
=CAT  \\$a8311$b40$c20131205$lBLL01$h1110
=CAT  \\$aBATCH-859E$c20131206$lBLL01$h0020
=CAT  \\$aW1711-1005$c20171206$lBLL01$h1826
=LAS  \\$aW1711-1005$b00$c20171206$lBLL01$h1826

