=LDR  00899 as a22002777i 4500
=001  016560984
=003  Uk
=005  20131205140518.0
=006  m\\\\\|\\d\|\\\\\\
=007  cr\|||||||||||
=008  131205c\\\\9999\\\\\\p\o\\\\\0\\\a0eng\\
=FMT  \\$a  SE
=245  00$aHMP Ford Annual Report of the Independent Monitoring Board
=264  \1$bIMB
=336  \\$atext$2rdacontent
=337  \\$acomputer$2rdamedia
=338  \\$aonline resource$2rdacarrier
=859  \\$aELD$bejournal
=852  41$aBritish Library$bHMNTS$jELD Digital store$3(2009/2010)-(2014/2015)
=985  \\$aELD accessioning record awaiting upgrade
=CAT  \\$a8311$b40$c20131205$lBLL01$h1405
=CAT  \\$aBATCH-859E$c20131206$lBLL01$h0020
=CAT  \\$aWR14_072$c20140608$lBLL01$h1435
=CAT  \\$aWR15_120$c20150910$lBLL01$h1827
=CAT  \\$aW1711-1005$c20171206$lBLL01$h1826
=LAS  \\$aW1711-1005$b00$c20171206$lBLL01$h1826

