=LDR  00949 as a22002897i 4500
=001  016561330
=003  Uk
=005  20160722082245.0
=006  m\\\\\|\\d\|\\\\\\
=007  cr\|||||||||||
=008  131206d\\\\2013\\\\\\p\o\\\\\0\\\a0eng\\
=FMT  \\$a  SE
=245  00$aIndependent Monitoring Board for HMP Canterbury Annual Report
=264  \1$bIMB
=336  \\$atext$2rdacontent
=337  \\$acomputer$2rdamedia
=338  \\$aonline resource$2rdacarrier
=859  \\$aELD$bejournal
=852  41$aBritish Library$bHMNTS$jELD Digital store$3(2009/2010)-(2012/2013)
=985  \\$aELD accessioning record awaiting upgrade
=CAT  \\$a6790$b40$c20131206$lBLL01$h1332
=CAT  \\$a11433$b40$c20140108$lBLL01$h1544
=CAT  \\$aWR14_072$c20140608$lBLL01$h1435
=CAT  \\$aWR15_120$c20150910$lBLL01$h1827
=CAT  \\$a7778$b40$c20160722$lBLL01$h0822
=CAT  \\$aW1711-1005$c20171206$lBLL01$h1826
=LAS  \\$aW1711-1005$b00$c20171206$lBLL01$h1826

