=LDR  00760 as a22002417i 4500
=001  016561361
=003  Uk
=005  20131206140604.0
=006  m\\\\\|\\d\|\\\\\\
=007  cr\|||||||||||
=008  131206c\\\\9999\\\\\\p\o\\\\\0\\\a0eng\\
=FMT  \\$a  SE
=245  00$aAnnual Report for HMP Cardiff by its Independent Monitoring Board
=264  \1$bIMB
=336  \\$atext$2rdacontent
=337  \\$acomputer$2rdamedia
=338  \\$aonline resource$2rdacarrier
=859  \\$aELD$bejournal
=852  41$aBritish Library$bHMNTS$jELD Digital store$3(2009/2010)-(2014/2015)
=985  \\$aELD accessioning record awaiting upgrade
=CAT  \\$a6790$b40$c20131206$lBLL01$h1406
=CAT  \\$aW1711-1005$c20171206$lBLL01$h1826
=LAS  \\$aW1711-1005$b00$c20171206$lBLL01$h1826

