=LDR  00811 as a22002537i 4500
=001  016561383
=003  Uk
=005  20140624141826.0
=006  m\\\\\|\\d\|\\\\\\
=007  cr\|||||||||||
=008  131206c\\\\201u\\\\\\p\o\\\\\0\\\a0eng\\
=FMT  \\$a  SE
=245  00$aADRODDIAD BLYNYDDOL AR GYFER CARCHAR EM CAERDYDD GAN EI FWRDD MONITRO ANNIBYNNOL
=264  \1$bIMB
=336  \\$atext$2rdacontent
=337  \\$acomputer$2rdamedia
=338  \\$aonline resource$2rdacarrier
=859  \\$aELD$bejournal
=852  41$aBritish Library$bHMNTS$jELD Digital store$3(2010/2011)
=985  \\$aELD accessioning record awaiting upgrade
=CAT  \\$a6790$b40$c20131206$lBLL01$h1427
=CAT  \\$a8201$b40$c20140624$lBLL01$h1418
=CAT  \\$aW1711-1005$c20171206$lBLL01$h1826
=LAS  \\$aW1711-1005$b00$c20171206$lBLL01$h1826

