=LDR  01032 as a22003137i 4500
=001  016563552
=003  Uk
=005  20131209154141.0
=006  m\\\\\|\\d\|\\\\\\
=007  cr\|||||||||||
=008  131209c\\\\9999\\\\\\p\o\\\\\0\\\a0eng\\
=FMT  \\$a  SE
=245  00$aThe Independent Monitoring Board HMP Dartmoor ANNUAL REPORT
=264  \1$bIMB
=336  \\$atext$2rdacontent
=337  \\$acomputer$2rdamedia
=338  \\$aonline resource$2rdacarrier
=859  \\$aELD$bejournal
=852  41$aBritish Library$bHMNTS$jELD Digital store$3(2010)-(2015)
=985  \\$aELD accessioning record awaiting upgrade
=CAT  \\$a6790$b40$c20131209$lBLL01$h1459
=CAT  \\$a6790$b40$c20131209$lBLL01$h1535
=CAT  \\$a6790$b40$c20131209$lBLL01$h1536
=CAT  \\$a6790$b40$c20131209$lBLL01$h1537
=CAT  \\$a6790$b40$c20131209$lBLL01$h1541
=CAT  \\$aWR14_072$c20140608$lBLL01$h1435
=CAT  \\$aWR15_120$c20150910$lBLL01$h1828
=CAT  \\$aW1711-1005$c20171206$lBLL01$h1826
=LAS  \\$aW1711-1005$b00$c20171206$lBLL01$h1826

