=LDR  00954 as a22002777i 4500
=001  016586889
=003  Uk
=005  20160511103157.0
=006  m\\\\\|\\d\|\\\\\\
=007  cr\|||||||||||
=008  131219d20uu2014\\\\\\p\o\\\\\0\\\a0eng\\
=FMT  \\$a  SE
=245  00$aAnnual consultation on the Ministry of Justice and its Arms Length Bodies' statistical work-plan
=264  \1$bMinistry of Justice
=336  \\$atext$2rdacontent
=337  \\$acomputer$2rdamedia
=338  \\$aonline resource$2rdacarrier
=859  \\$aELD$bejournal
=852  41$aBritish Library$bHMNTS$jELD Digital store$3(2010/2011)-(2013/2014)
=985  \\$aELD accessioning record awaiting upgrade
=CAT  \\$a11433$b40$c20131219$lBLL01$h1218
=CAT  \\$aWR14_072$c20140608$lBLL01$h1435
=CAT  \\$aWR15_120$c20150910$lBLL01$h1828
=CAT  \\$a6550$b40$c20160511$lBLL01$h1031
=CAT  \\$aW1711-1005$c20171206$lBLL01$h1826
=LAS  \\$aW1711-1005$b00$c20171206$lBLL01$h1826

