=LDR  00905 as a22002777i 4500
=001  016593217
=003  Uk
=005  20140102133311.0
=006  m\\\\\|\\d\|\\\\\\
=007  cr\|||||||||||
=008  140102c\\\\9999\\\\\\p\o\\\\\0\\\a0eng\\
=FMT  \\$a  SE
=245  00$aOrganisation Patient Safety Incident Reports
=264  \1$bNHS
=336  \\$atext$2rdacontent
=337  \\$acomputer$2rdamedia
=338  \\$aonline resource$2rdacarrier
=859  \\$aELD$bejournal
=852  41$aBritish Library$bHMNTS$jELD Digital store$3(2008:Apr.-2008:Sep.)-(2013:Oct.-2014:Mar.)
=985  \\$aELD accessioning record awaiting upgrade
=CAT  \\$a11433$b40$c20140102$lBLL01$h1330
=CAT  \\$a11433$b40$c20140102$lBLL01$h1333
=CAT  \\$aWR14_072$c20140608$lBLL01$h1435
=CAT  \\$aWR15_120$c20150910$lBLL01$h1828
=CAT  \\$aW1711-1005$c20171206$lBLL01$h1826
=LAS  \\$aW1711-1005$b00$c20171206$lBLL01$h1826

