=LDR  00926 as a22002897i 4500
=001  016611217
=003  Uk
=005  20140520092707.0
=006  m\\\\\|\\d\|\\\\\\
=007  cr\|||||||||||
=008  140127u\\\\uuuu\\\\\\p\o\\\\\0\\\a0eng\\
=FMT  \\$a  SE
=245  00$aThe Week in Politics
=264  \1$bDods Monitoring
=336  \\$atext$2rdacontent
=337  \\$acomputer$2rdamedia
=338  \\$aonline resource$2rdacarrier
=859  \\$aELD$bejournal
=852  41$aBritish Library$bHMNTS$jELD Digital store$3(2013:May 06)-(2014:Jan. 20)
=985  \\$aELD accessioning record awaiting upgrade
=CAT  \\$a11433$b40$c20140127$lBLL01$h1622
=CAT  \\$a10983$b40$c20140214$lBLL01$h1007
=CAT  \\$a8201$b40$c20140520$lBLL01$h0927
=CAT  \\$aWR14_072$c20140608$lBLL01$h1435
=CAT  \\$aWR15_120$c20150910$lBLL01$h1828
=CAT  \\$aW1711-1005$c20171206$lBLL01$h1826
=LAS  \\$aW1711-1005$b00$c20171206$lBLL01$h1826

