=LDR  02376cas a2200565 i 4500
=001  016625629
=003  Uk
=005  20140208190740.0
=006  m\\\\\|\\d\|\\\\\\
=007  cr\|||||||||||
=008  001030d20002007enkmr\p\o\\\\\0\\\a0eng\\
=FMT  \\$a  SE
=015  \\$aGBB415154$2bnb
=040  \\$aUk$cUk
=082  04$a330.966$221
=245  00$aAfrica monitor.$pWest & Central Africa.
=246  00$aAfrica monitor. West and Central Africa
=260  \\$aLondon (179 Queen Victoria St., London, EC4V 4DU) :$bBusiness Monitor International,$c2000-
=310  \\$aMonthly
=336  \\$atext$2rdacontent
=337  \\$acomputer$2rdamedia
=338  \\$aonline resources$2rdacarrier
=362  0\$aVol. 1, no. 1 (Oct. 2000)-v.8, no. 4 (Apr. 2007)
=540  \\$aCurrent Copyright Fee: GBP100.00$c0$5Uk
=650  \0$aEconomic forecasting$zAfrica, Central$vPeriodicals.
=650  \0$aEconomic forecasting$zAfrica, West$vPeriodicals.
=650  \0$aEconomic surveys$zAfrica, Central$vPeriodicals.
=650  \0$aEconomic surveys$zAfrica, West$vPeriodicals.
=651  \0$aAfrica, Central$xEconomic conditions$vPeriodicals.
=651  \0$aAfrica, Central$xPolitics and government$vPeriodicals.
=651  \0$aAfrica, West$xEconomic conditions$vPeriodicals.
=651  \0$aAfrica, West$xPolitics and government$vPeriodicals.
=690  7\$aManagement and Business Studies$2blcoll
=710  2\$aBusiness Monitor International.
=859  \\$aELD$bejournal
=852  41$aBritish Library$bSTI$cBIPC$jELD Digital store$32012-***Previous issues available in print copy
=985  \\$a2014 cloned record for electronic format - will be upgraded
=CAT  \\$aBATCH-CLA$b00$c20140228$lBLL01$h1619
=CAT  \\$aIPL-CLA$c20140331$lBLL01$h1643
=CAT  \\$aWR14.047$c20140417$lBLL01$h1646
=CAT  \\$aWRBMI_003$c20140525$lBLL01$h1533
=CAT  \\$aWR14_114$c20140818$lBLL01$h1743
=CAT  \\$aWR15_120$c20150910$lBLL01$h1828
=CAT  \\$aW1711-1005$c20171206$lBLL01$h1826
=CFI  0\$aCurrent Copyright Fee: GBP100.00$c0$e01-apr-2014$fGBP100.00$g0$hC$5Uk
=CFI  2\$aPrevious Copyright Fee: GBP12.00$c0$e01-oct-2012$fGBP12.00$g0$hC$5Uk
=FIN  \\$aY$d20140208
=LKR  \\$aPAR$lBLL01$r776$b011648083$mAfrica monitor. West & Central Africa$nAfrica monitor. West & Central Africa
=MNI  \\$a1472-2038
=LAS  \\$aW1711-1005$b00$c20171206$lBLL01$h1826

