=LDR  01994cas a2200517 i 4500
=001  016626230
=003  Uk
=005  20140208203500.0
=006  m\\\\\|\\d\|\\\\\\
=007  cr\|||||||||||
=008  040818d20042011enkqr\p\o\\\\\0\\\a0eng\\
=FMT  \\$a  SE
=015  \\$aGBB415755$2bnb
=040  \\$aUk$beng$cUk
=082  04$a330.956900112$222
=245  04$aThe Jordan, Lebanon & Syria business forecast report.
=246  3\$aJordan, Lebanon and Syria business forecast report
=260  \\$aLondon :$bBusiness Monitor International,$c2004-
=310  \\$aQuarterly
=336  \\$atext$2rdacontent
=337  \\$acomputer$2rdamedia
=338  \\$aonline resources$2rdacarrier
=362  0\$a-2011/Q4.
=650  \0$aEconomic forecasting$zJordan$vPeriodicals.
=650  \0$aEconomic forecasting$zLebanon$vPeriodicals.
=650  \0$aEconomic forecasting$zSyria$vPeriodicals.
=651  \0$aJordan$xEconomic conditions$vPeriodicals.
=651  \0$aJordan$xPolitics and government$vPeriodicals.
=651  \0$aLebanon$xEconomic conditions$vPeriodicals.
=651  \0$aLebanon$xPolitics and government$vPeriodicals.
=651  \0$aSyria$xEconomic conditions$vPeriodicals.
=651  \0$aSyria$xPolitics and government$vPeriodicals.
=690  7\$aManagement and Business Studies$2blcoll
=710  2\$aBusiness Monitor International.
=859  \\$aELD$bejournal
=852  41$aBritish Library$bSTI$cBIPC$jELD Digital store$32012-
=985  \\$a2014 cloned record for electronic format - will be upgraded
=CAT  \\$aWR14.047$c20140417$lBLL01$h1647
=CAT  \\$aWRBMI_003$c20140525$lBLL01$h1533
=CAT  \\$aWR14_114$c20140818$lBLL01$h1743
=CAT  \\$aWR15_120$c20150910$lBLL01$h1828
=CAT  \\$aW1711-1005$c20171206$lBLL01$h1826
=FIN  \\$aY$d20140208
=LKR  \\$aPAR$lBLL01$r776$b012972995$mJordan, Lebanon & Syria business forecast report$nJordan, Lebanon & Syria business forecast report
=MNI  \\$a1745-0616
=LAS  \\$aW1711-1005$b00$c20171206$lBLL01$h1826

