=LDR  01865cas a2200493 i 4500
=001  016626616
=003  Uk
=005  20140208214231.0
=006  m\\\\\|\\d\|\\\\\\
=007  cr\|||||||||||
=008  050207c20059999enkqr\p\o\\\\\0\\\a0eng\\
=FMT  \\$a  SE
=015  \\$aGBB416141$2bnb
=037  \\$aCFMA$bBusiness Monitor International
=040  \\$aUk$beng$cUk
=082  04$a330.96405$222
=245  04$aThe North Africa business forecast report :$bincludes 5-year forecasts to end ...
=260  \\$aLondon :$bBusiness Monitor International,$c2005-
=310  \\$aQuarterly
=336  \\$atext$2rdacontent
=337  \\$acomputer$2rdamedia
=338  \\$aonline resources$2rdacarrier
=362  0\$aQ4/2005-
=540  \\$aCurrent Copyright Fee: GBP100.00$c0$5Uk
=650  \0$aCountry risk$zAfrica, North$vPeriodicals.
=651  \0$aAfrica, North$xEconomic conditions$vPeriodicals.
=690  7\$aManagement and Business Studies$2blcoll
=710  2\$aBusiness Monitor International.
=859  \\$aELD$bejournal
=852  41$aBritish Library$bSTI$cBIPC$jELD Digital store$32012-
=985  \\$a2014 cloned record for electronic format - will be upgraded
=CAT  \\$aWR13_103$c20140211$lBLL01$h1600
=CAT  \\$aWR14.047$c20140417$lBLL01$h1647
=CAT  \\$aWRBMI_003$c20140525$lBLL01$h1533
=CAT  \\$aWR14_114$c20140818$lBLL01$h1743
=CAT  \\$aBATCH-CLA$b00$c20150828$lBLL01$h1543
=CAT  \\$aWR15_120$c20150910$lBLL01$h1828
=CAT  \\$aIPL-CLA$c20150930$lBLL01$h1851
=CAT  \\$aW1711-1005$c20171206$lBLL01$h1826
=CFI  0\$aCurrent Copyright Fee: GBP100.00$c0$e01-oct-2015$fGBP100.00$g0$hC$5Uk
=FIN  \\$aY$d20140208
=LKR  \\$aPAR$lBLL01$r776$b013104212$mThe North Africa business forecast report$nThe North Africa business forecast report
=MNI  \\$a1746-5788
=LAS  \\$aW1711-1005$b00$c20171206$lBLL01$h1826

