=LDR  02471cas a2200625 i 4500
=001  016626727
=003  Uk
=005  20210126094958.0
=006  m\\\\\|\\d\|\\\\\\
=007  cr\|||||||||||
=008  110805d20112013enkqr\p\o\\\\\0\\\a0eng\\
=FMT  \\$a  SE
=015  \\$aGBB416252$2bnb
=037  \\$aSSSE18$bBusiness Monitor International
=040  \\$aUk$beng$cUk$dUk
=082  04$a333.79320948$223
=245  00$aNordic countries power report :$bincluding 5-year industry forecasts by BMI.
=260  \\$aLondon :$bBusiness Monitor International,$c[2010-2013]
=310  \\$aQuarterly
=336  \\$atext$2rdacontent
=337  \\$acomputer$2rdamedia
=338  \\$aonline resource$2rdacarrier
=362  1\$aBegan in 2010.
=362  1\$aCeased with Q1 (2013).
=490  0\$aIndustry survey & forecasts series
=540  \\$aCurrent Copyright Fee: GBP100.00$c0$5Uk
=650  \0$aElectric power production$zScandinavia$vPeriodicals.
=650  \0$aElectric power production$zScandinavia$xForecasting$vPeriodicals.
=650  \0$aMarket surveys$zScandinavia$vPeriodicals.
=710  2\$aBusiness Monitor International.
=785  00$tDenmark, Finland & Sweden power report$x2396-4979
=859  \\$aELD$bejournal
=852  41$aBritish Library$bSTI$cBIPC$jELD Digital store$32012-*** Previous issues available in print copy
=985  \\$a2014 cloned record for electronic format - will be upgraded
=985  \\$aNot currently available on BMI Website - April 2015
=CAT  \\$aWR13_103$c20140211$lBLL01$h1600
=CAT  \\$aBATCH-CLA$b00$c20140228$lBLL01$h1619
=CAT  \\$aIPL-CLA$c20140331$lBLL01$h1644
=CAT  \\$aWR14.047$c20140417$lBLL01$h1647
=CAT  \\$aWRBMI_003$c20140525$lBLL01$h1533
=CAT  \\$aWR14_114$c20140818$lBLL01$h1743
=CAT  \\$a11315$b40$c20150811$lBLL01$h0913
=CAT  \\$a11315$b40$c20150811$lBLL01$h0914
=CAT  \\$a12952$b40$c20150813$lBLL01$h1622
=CAT  \\$a11316$b40$c20150819$lBLL01$h1609
=CAT  \\$a11316$b40$c20150819$lBLL01$h1613
=CAT  \\$a11316$b40$c20150917$lBLL01$h1346
=CAT  \\$aW1711-1225$c20171203$lBLL01$h1055
=CAT  \\$aW1711-1005$c20171206$lBLL01$h1826
=CAT  \\$a6490$b40$c20210126$lBLL01$h0949
=CFI  0\$aCurrent Copyright Fee: GBP100.00$c0$e01-apr-2014$fGBP100.00$g0$hC$5Uk
=CFI  2\$aPrevious Copyright Fee: GBP12.00$c0$e01-oct-2013$fGBP12.00$g0$hC$5Uk
=FIN  \\$aY$d20140208
=MNI  \\$a2047-9425
=LAS  \\$a6490$b40$c20210126$lBLL01$h0949

