=LDR  02252cas a2200541 i 4500
=001  016626772
=003  Uk
=005  20150113132443.0
=006  m\\\\\|\\d\|\\\\\\
=007  cr\|||||||||||
=008  100430d2009201uenkar\p\o\\\\\0\\\a0eng\\
=FMT  \\$a  SE
=015  \\$aGBB416297$2bnb
=040  \\$aUk$beng$cUk$dUk
=082  04$a338.4762922220958$222
=245  00$aKazakhstan and Central Asia autos report :$bincluding 5-year industry forecasts by BMI.
=260  \\$aLondon :$bBusiness Monitor International,$c2009-[2011 or 2012].
=310  \\$aAnnual
=336  \\$atext$2rdacontent
=337  \\$acomputer$2rdamedia
=338  \\$aonline resource$2rdacarrier
=362  0\$a2010-
=490  0\$aIndustry survey & forecasts series
=540  \\$aCurrent Copyright Fee: GBP12.00$c0$5Uk
=650  \0$aAutomobile industry and trade$zAsia, Central$vPeriodicals.
=650  \0$aAutomobile industry and trade$zAsia, Central$xForecasting$vPeriodicals.
=650  \0$aAutomobile industry and trade$zKazakhstan$vPeriodicals.
=650  \0$aAutomobile industry and trade$zKazakhstan$xForecasting$vPeriodicals.
=650  \0$aMarket surveys$zAsia Central$vPeriodicals.
=650  \0$aMarket surveys$zKazakhstan$vPeriodicals.
=690  7\$aManagement and Business Studies$2blcoll
=785  00$tKazakhstan & Uzbekistan autos report$x2057-7958
=859  \\$aELD$bejournal
=852  41$aBritish Library$bSTI$cBIPC$jELD Digital store$32012-
=985  \\$a2014 cloned record for electronic format - will be upgraded
=985  \\$aC/t with 2012 or 2013. Record not upgraded - no copy yet seen 14/1/15, CS
=CAT  \\$aWR14.047$c20140417$lBLL01$h1647
=CAT  \\$aWRBMI_003$c20140525$lBLL01$h1533
=CAT  \\$aWR14_114$c20140818$lBLL01$h1743
=CAT  \\$a8124$b40$c20150113$lBLL01$h1123
=CAT  \\$a11316$b40$c20150113$lBLL01$h1324
=CAT  \\$aWR15_120$c20150910$lBLL01$h1828
=CAT  \\$aW1711-1005$c20171206$lBLL01$h1826
=CFI  0\$aCurrent Copyright Fee: GBP12.00$c0$e01-oct-2013$fGBP12.00$g0$hC$5Uk
=FIN  \\$aY$d20140208
=LKR  \\$aPAR$lBLL01$r776$b015543356$mKazakhstan and Central Asia autos report$nKazakhstan and Central Asia autos report
=MNI  \\$a2044-317X
=LAS  \\$aW1711-1005$b00$c20171206$lBLL01$h1826

