=LDR  00820 as a22002657i 4500
=001  016629965
=003  Uk
=005  20140213111315.0
=006  m\\\\\|\\d\|\\\\\\
=007  cr\|||||||||||
=008  140213c\\\\9999\\\\\\p\o\\\\\0\\\a0eng\\
=FMT  \\$a  SE
=245  00$aAnnual report and Accounts
=264  \1$bLegal Ombudsman
=336  \\$atext$2rdacontent
=337  \\$acomputer$2rdamedia
=338  \\$aonline resource$2rdacarrier
=859  \\$aELD$bejournal
=852  41$aBritish Library$bHMNTS$jELD Digital store$3(2010)-(2015)
=985  \\$aELD accessioning record awaiting upgrade
=CAT  \\$a11433$b40$c20140213$lBLL01$h1113
=CAT  \\$aWR14_072$c20140608$lBLL01$h1435
=CAT  \\$aWR15_120$c20150910$lBLL01$h1828
=CAT  \\$aW1711-1005$c20171206$lBLL01$h1826
=LAS  \\$aW1711-1005$b00$c20171206$lBLL01$h1826

