=LDR  00825 as a22002537i 4500
=001  016634776
=003  Uk
=005  20170104073735.0
=006  m\\\\\|\\d\|\\\\\\
=007  cr\|||||||||||
=008  140224d\\\\2013\\\\u\p\o\\\\\0\\\a0eng\\
=FMT  \\$a  SE
=245  00$aBlack Country Cluster of Primary Care Trusts :$bAnnual Report and Accounts.
=264  \1$bDepartment of Health.
=336  \\$atext$2rdacontent
=337  \\$acomputer$2rdamedia
=338  \\$aonline resource$2rdacarrier
=859  \\$aELD$bejournal
=852  41$aBritish Library$bHMNTS$jELD Digital store$3(2012/2013)
=985  \\$aELD accessioning record awaiting upgrade
=CAT  \\$a10902$b40$c20140224$lBLL01$h1438
=CAT  \\$a7778$b40$c20170104$lBLL01$h0737
=CAT  \\$aW1711-1005$c20171206$lBLL01$h1826
=LAS  \\$aW1711-1005$b00$c20171206$lBLL01$h1826

