=LDR  01264 as a22003617i 4500
=001  016635048
=003  Uk
=005  20201202160724.0
=006  m\\\\\|\\d\|\\\\\\
=007  cr\|||||||||||
=008  140225d200u201uenkar\\\o\\\\\0\\\a0eng\\
=FMT  \\$a  SE
=040  \\$aUk$beng$cUk$erda
=042  \\$aukblsr
=110  2\$aBolton Teaching Primary Care Trust,$eauthor.
=245  10$aAnnual report and accounts /$cBolton Teaching Primary Care Trust.
=264  \1$aBolton :$bDepartment of Health
=336  \\$atext$2rdacontent
=337  \\$acomputer$2rdamedia
=338  \\$aonline resource$2rdacarrier
=500  \\$aTitle from PDF cover.
=588  \\$aDescription based on: 2012/2013 ; title from PDF cover.
=610  20$aBolton Teaching Primary Care Trust$vPeriodicals.
=859  \\$aELD$bejournal
=852  41$aBritish Library$bHMNTS$jELD Digital store$3(2012/2013)
=985  \\$aClosure request Dec. 2020
=CAT  \\$a10902$b40$c20140225$lBLL01$h0845
=CAT  \\$aW1711-1005$c20171206$lBLL01$h1826
=CAT  \\$a8871$b40$c20190927$lBLL01$h0743
=CAT  \\$a8124$b40$c20201202$lBLL01$h1607
=FIN  \\$aY$d20201202
=LET  \0$aAnnual report and accounts - Bolton Teaching Primary Care Trust (Electronic)
=LAS  \\$a8124$b40$c20201202$lBLL01$h1607

