=LDR  00807cas a22002537i 4500
=001  016635187
=003  Uk
=005  20220620101204.0
=006  m\\\\\|\\d\|\\\\\\
=007  cr\|||||||||||
=008  140225d\\\\201u\\\\\\p\o\\\\\0\\\a0eng\\
=FMT  \\$a  SE
=245  00$aMilton Keynes Primary Care Trust :$bAnnual Report and Accounts.
=264  \1$bDepartment of Health.
=336  \\$atext$2rdacontent
=337  \\$acomputer$2rdamedia
=338  \\$aonline resource$2rdacarrier
=859  \\$aELD$bejournal
=852  41$aBritish Library$bHMNTS$jELD Digital store$3(2012/2013)
=985  \\$aELD accessioning record awaiting upgrade
=CAT  \\$a10902$b40$c20140225$lBLL01$h1220
=CAT  \\$aW1711-1005$c20171206$lBLL01$h1827
=CAT  \\$a6490$b40$c20220620$lBLL01$h1012
=LAS  \\$a6490$b40$c20220620$lBLL01$h1012

