=LDR  00867 as a22002657i 4500
=001  016635362
=003  Uk
=005  20170105103338.0
=006  m\\\\\|\\d\|\\\\\\
=007  cr\|||||||||||
=008  140225d\\\\2013\\\\\\p\o\\\\\0\\\a0eng\\
=FMT  \\$a  SE
=245  00$aTelford and Wrekin Primary Care Trust :$bAnnual Report and Accounts.
=264  \1$bDepartment of Health.
=336  \\$atext$2rdacontent
=337  \\$acomputer$2rdamedia
=338  \\$aonline resource$2rdacarrier
=859  \\$aELD$bejournal
=852  41$aBritish Library$bHMNTS$jELD Digital store$3(2012/2013)
=985  \\$aELD accessioning record awaiting upgrade
=CAT  \\$a10902$b40$c20140225$lBLL01$h1540
=CAT  \\$a10902$b40$c20140225$lBLL01$h1544
=CAT  \\$a7778$b40$c20170105$lBLL01$h1033
=CAT  \\$aW1711-1005$c20171206$lBLL01$h1827
=LAS  \\$aW1711-1005$b00$c20171206$lBLL01$h1827

