=LDR  01313 as a22003735i 4500
=001  016680063
=003  Uk
=005  20180927104102.0
=006  m\\\\\|\\d\|\\\\\\
=007  cr\|||||||||||
=008  140404c\\\\9999\\\\\\p\o\\\\\0\\\a0eng\\
=FMT  \\$a  SE
=022  \\$a2332-4198
=037  \\$aISSN_23324198$bPortico$nWiley
=245  00$aCell and molecular biology reports.
=264  \1$bWiley
=336  \\$atext$2rdacontent
=337  \\$acomputer$2rdamedia
=338  \\$aonline resource$2rdacarrier
=540  \\$aCurrent Copyright Fee: GBP21.21$c0$5Uk
=859  \\$aELD$bejournal
=852  41$aBritish Library$bSTI$jELD Digital store$3Previous issues available in print copy***Content not received
=945  \\$aCell and molecular biology reports
=985  \\$aNo issues published, 10/10/17 (RB)
=CAT  \\$a8411$b40$c20140404$lBLL01$h0852
=CAT  \\$a8411$b40$c20140404$lBLL01$h0853
=CAT  \\$a8411$b40$c20140424$lBLL01$h0912
=CAT  \\$aBATCH-CLA$b00$c20140829$lBLL01$h1544
=CAT  \\$aIPL-CLA$c20140930$lBLL01$h1638
=CAT  \\$a8323$b40$c20171010$lBLL01$h0847
=CAT  \\$aW1711-1005$c20171206$lBLL01$h1827
=CAT  \\$a10806$b40$c20180927$lBLL01$h1041
=CFI  0\$aCurrent Copyright Fee: GBP21.21$c0$e01-oct-2014$fGBP21.21$g0$hC$5Uk
=LAS  \\$a10806$b40$c20180927$lBLL01$h1041

