=LDR  01486 as a2200445 i 4500
=001  016726185
=003  Uk
=005  20191115210758.0
=006  m\\\\\|\\d\|\\\\\\
=007  cr\|||||||||||
=008  140522d20uu2016enkdr\p\os\\\\0\\\a0eng\\
=FMT  \\$a  SE
=040  \\$aUk$beng$cUk$erda
=042  \\$aissnuk$aukblsr
=082  04$a338.2724$223
=245  00$aCoal swaps daily :$benergy prices, news, analysis.
=246  3\$aCSD
=264  \1$aLondon :$bICIS
=310  \\$aDaily
=336  \\$atext$2rdacontent
=337  \\$acomputer$2rdamedia
=338  \\$aonline resource$2rdacarrier
=362  1\$aCeased in 2016.
=588  \\$aDescription based on: 24 February 2016; title from PDF caption.
=650  \0$aCoal trade$vStatistics$vPeriodicals.
=650  \0$aCoal$xPrices$vPeriodicals.
=690  7\$aManagement and Business Studies$2blcoll
=859  \\$aELD$bejournal
=852  41$aBritish Library$bHMNTS$jELD Digital store$3Issue 6094(2014:May 16)-Issue 8040(2016:Feb. 26)
=CAT  \\$a11433$b40$c20140522$lBLL01$h1629
=CAT  \\$a8411$b40$c20140613$lBLL01$h1114
=CAT  \\$aWR15_120$c20150910$lBLL01$h1828
=CAT  \\$a8411$b40$c20160113$lBLL01$h1110
=CAT  \\$a8411$b40$c20160302$lBLL01$h1124
=CAT  \\$aW1711-1005$c20171206$lBLL01$h1827
=CAT  \\$a8483$b40$c20191106$lBLL01$h1443
=CAT  \\$aBATCH-MBS$c20191115$lBLL01$h2107
=FIN  \\$aY$d20191106
=LET  \0$aCoal swaps daily (Electronic)
=LAS  \\$aBATCH-MBS$b00$c20191115$lBLL01$h2107

