=LDR  00915 as a22002897i 4500
=001  016726192
=003  Uk
=005  20210218091426.0
=006  m\\\\\|\\d\|\\\\\\
=007  cr\|||||||||||
=008  140522d\\\\2014\\\\\\p\o\\\\\0\\\a0eng\\
=FMT  \\$a  SE
=245  00$aEuropean Gas Fundamentals Daily
=246  13$aEUGF
=264  \1$bICIS
=336  \\$atext$2rdacontent
=337  \\$acomputer$2rdamedia
=338  \\$aonline resource$2rdacarrier
=859  \\$aELD$bejournal
=852  41$aBritish Library$bHMNTS$jELD Digital store$3Issue 20072(2014:Apr. 11)-Issue 20165(2014:Aug. 27)
=985  \\$aELD accessioning record awaiting upgrade
=CAT  \\$a11433$b40$c20140522$lBLL01$h1646
=CAT  \\$a8411$b40$c20140618$lBLL01$h1612
=CAT  \\$aWR15_120$c20150910$lBLL01$h1828
=CAT  \\$aW1711-1005$c20171206$lBLL01$h1827
=CAT  \\$a6490$b40$c20210218$lBLL01$h0914
=LAS  \\$a6490$b40$c20210218$lBLL01$h0914

