=LDR  00886cas a22002777i 4500
=001  016865809
=003  Uk
=005  20180724131722.0
=006  m\\\\\|\\d\|\\\\\\
=007  cr\|||||||||||
=008  140911c\\\\9999\\\\\\p\o\\\\\0\\\a0eng\\
=FMT  \\$a  SE
=245  00$aUnexplained deaths in infancy: England and Wales
=264  \1$bOffice for National Statistics
=336  \\$atext$2rdacontent
=337  \\$acomputer$2rdamedia
=338  \\$aonline resource$2rdacarrier
=690  7\$aSocial Welfare$2blcoll
=859  \\$aELD$bejournal
=852  41$aBritish Library$bHMNTS$jELD Digital store$3(2006)-
=985  \\$aELD accessioning record awaiting upgrade
=CAT  \\$a11433$b40$c20140911$lBLL01$h1705
=CAT  \\$aWR15_120$c20150910$lBLL01$h1828
=CAT  \\$aW1711-1005$c20171205$lBLL01$h2212
=CAT  \\$a11450$b40$c20180724$lBLL01$h1317
=LAS  \\$a11450$b40$c20180724$lBLL01$h1317

