=LDR  00843 as a22002775i 4500
=001  016949954
=003  Uk
=005  20181105091211.0
=006  m\\\\\|\\d\|\\\\\\
=007  cr\|||||||||||
=008  141120c\\\\9999\\\\\\p\o\\\\\0\\\a0eng\\
=FMT  \\$a  SE
=022  \\$a2075-6674
=037  \\$aISSN_20756674$bPortico$nManey Publishing
=245  00$aEuropean respiratory monographs.
=264  \1$bManey
=336  \\$atext$2rdacontent
=337  \\$acomputer$2rdamedia
=338  \\$aonline resource$2rdacarrier
=859  \\$aELD$bejournal
=852  41$aBritish Library$bSTI$jELD Digital store$3Content not received
=CAT  \\$a8464$b40$c20141120$lBLL01$h0947
=CAT  \\$a11317$b40$c20141209$lBLL01$h1140
=CAT  \\$aW1711-1005$c20171206$lBLL01$h1827
=CAT  \\$a10806$b40$c20181105$lBLL01$h0912
=LAS  \\$a10806$b40$c20181105$lBLL01$h0912

