=LDR  01862 as a2200469 i 4500
=001  016958258
=003  Uk
=005  20141127155012.0
=006  m\\\\\|\\d\|\\\\\\
=007  cr\|||||||||||
=008  141127c20119999wlkar\\\o\\\\o0\\\a0eng\\
=FMT  \\$a  SE
=015  \\$aGBB4D5683$2bnb
=040  \\$aUk$beng$cUk$erda
=042  \\$aukblsr
=082  04$a379.11209429$223
=245  00$aEvaluating the foundation phase.
=264  \1$a[Cardiff] :$bWelsh Government,$c2013-
=310  \\$aAnnual
=336  \\$atext$2rdacontent
=337  \\$acomputer$2rdamedia
=338  \\$aonline resource$2rdacarrier
=362  0\$a2011/2012-
=490  1\$aSocial research
=500  \\$aSubtitle varies; 2011/12 has subtitle "annual report"; 2012/13 has subtitle "update and technical report".
=500  \\$aAt head of cover: GSR, Government social research, Analysis for policy = Ymchwl gymdeithasol y llywodraeth, Dadansoddi ar gyfer polis.
=500  \\$aTitle from PDF caption (wales.gov.uk Web site, viewed November 27, 2014).
=588  \\$aLatest issue consulted: 2012/13 (viewed November 27, 2014).
=650  \0$aEarly childhood education$xGovernment policy$zWales.
=650  \0$aSchool improvement programs$zWales$zEvaluation$vPeriodicals.
=690  7\$aSocial Welfare$2blcoll
=710  1\$aWales.$bWelsh Assembly Government,$eissuing body.
=830  \0$aSocial research (Wales. Welsh Government)
=859  \\$aELD$bejournal
=852  41$aBritish Library$bHMNTS$jELD Digital store$3(2011/2012)-(2013/2014)Final Report
=CAT  \\$a3072$b40$c20141127$lBLL01$h1545
=CAT  \\$a3072$b40$c20141127$lBLL01$h1550
=CAT  \\$aBATCH-SWP$c20150130$lBLL01$h2317
=CAT  \\$aW1711-1005$c20171206$lBLL01$h1827
=FIN  \\$aY$d20141127
=LET  \0$aEvaluating the foundation phase [report] (Electronic)
=LAS  \\$aW1711-1005$b00$c20171206$lBLL01$h1827

