=LDR  03989cas a2200913 a 4500
=001  017043572
=003  Uk
=005  20221231145323.0
=006  m\\\\\|\\d\|\\\\\\
=007  cr\|||||||||||
=008  150206c20149999paufr\p\\\\\\\0\\\a0eng\\
=FMT  \\$a  SE
=015  \\$aGBB643660$2bnb
=022  \\$a2345-0487
=037  \\$aISSN_23450479_21$bPortico$nTaylor & Francis
=040  \\$aUk$beng$cUk$erda
=042  \\$aissnuk$aukblsr
=082  04$a741.6$223
=210  0\$aCreat. stud.$b(Online)
=222  \0$aCreativity studies$b(Online)
=245  00$aCreativity studies.
=264  31$a[Philadelphia] :$bTaylor & Francis, Taylor & Francis Group,
=300  \\$b2014-
=310  \\$aSemiannual
=336  \\$atext$2rdacontent
=337  \\$acomputer$2rdamedia
=338  \\$aonline resource$2rdacarrier
=550  \\$aCo-published with Vilnius Gediminas Technical University.
=580  \\$aIncludes issues of earlier titles: Limes : Borderland Studies (2011- 2013), and: Limes : cultural regionalistics (2008-2010) .
=588  \\$aDescription based on: volume 7, issue 1 (2014); title from journal home page (Taylor & Francis Online, viewed March 29, 2016).
=588  \\$aLatest issue consulted: volume 8, issue 2 (2015) (Taylor & Francis Online, viewed March 29, 2016).
=540  \\$aCurrent Copyright Fee: GBP25.00$c0$5Uk
=650  \0$aCreative ability$vPeriodicals.
=650  \0$aCulture$vPeriodicals.
=710  2\$aVilniaus Gedimino technikos universitetas,$eissuing body.
=776  08$iAlso issued in print as:$tCreativity studies$x2345-0479
=780  00$tLimes : borderland studes$x2029-7483
=859  \\$aELD$bejournal
=852  41$aBritish Library$bHMNTS$jELD Digital store$3Volume 9:Issue 1(2016)-Volume 10:Issue 2(2017)
=945  \\$aCreativity studies.
=979  \\$aBritish Library$bDSC$j3487.252500N
=CAT  \\$a5552$b40$c20150206$lBLL01$h1412
=CAT  \\$a8464$b40$c20151230$lBLL01$h1115
=CAT  \\$aIPL-CLA$c20151231$lBLL01$h1936
=CAT  \\$a8478$b40$c20160205$lBLL01$h1253
=CAT  \\$a8478$b40$c20160205$lBLL01$h1259
=CAT  \\$a8478$b40$c20160205$lBLL01$h1304
=CAT  \\$a5997$b40$c20160329$lBLL01$h1319
=CAT  \\$a5997$b40$c20160329$lBLL01$h1401
=CAT  \\$aBATCH-UPD$b40$c20160413$lBLL01$h1828
=CAT  \\$aBATCH-UPD$b40$c20160810$lBLL01$h1436
=CAT  \\$aBATCH-UPD$b40$c20161122$lBLL01$h1515
=CAT  \\$aIPL-CLA$c20161231$lBLL01$h0022
=CAT  \\$a5552$b40$c20170124$lBLL01$h1049
=CAT  \\$aBATCH-UPD$b40$c20171121$lBLL01$h1651
=CAT  \\$aW1711-1005$c20171206$lBLL01$h1828
=CAT  \\$aIPL-CLA$c20171231$lBLL01$h1828
=CAT  \\$aBATCH-UPD$b00$c20181217$lBLL01$h1641
=CAT  \\$aIPL-CLA$c20181231$lBLL01$h1554
=CAT  \\$a5552$b40$c20190322$lBLL01$h1122
=CAT  \\$aBATCH-CLA$b00$c20191219$lBLL01$h1802
=CAT  \\$aIPL-CLA$c20191231$lBLL01$h2040
=CAT  \\$aR2001-1524$c20200127$lBLL01$h2104
=CAT  \\$aBATCH-CLA$b00$c20201204$lBLL01$h1614
=CAT  \\$aIPL-CLA$c20201231$lBLL01$h1533
=CAT  \\$aBATCH-CLA$b00$c20221221$lBLL01$h1931
=CAT  \\$aIPL-CLA$c20221231$lBLL01$h1453
=CFI  0\$aCurrent Copyright Fee: GBP25.00$c0$e01-jan-2023$fGBP25.00$g0$hA$5Uk
=CFI  2\$aPrevious Copyright Fee: GBP22.50$c0$e01-jan-2021$fGBP22.50$g0$hA$5Uk
=FIN  \\$aY$d20160329
=MNI  \\$a2345-0479
=ACF  \\$aPrevious copyright fee: GBP25.00$c2\0$e06-feb-2015$fGBP25.00$g0$hP$5Uk
=ACF  \\$aPrevious copyright fee: GBP26.00$c2\0$e01-jan-2016$fGBP26.00$g0$hP$5Uk
=ACF  \\$aPrevious copyright fee: GBP28.00$c2\0$e01-jan-2017$fGBP28.00$g0$hP$5Uk
=ACF  \\$aPrevious copyright fee: GBP32.00$c2\0$e01-jan-2019$fGBP32.00$g0$hP$5Uk
=ACF  \\$aPrevious copyright fee: GBP30.00$c2\0$e01-jan-2018$fGBP30.00$g0$hP$5Uk
=ACF  \\$aPrevious copyright fee: GBP17.50$c0$e22-mar-2019$fGBP17.50$g0$hA$5Uk
=ACF  \\$aPrevious Copyright Fee: GBP20.00$c0$e01-jan-2020$fGBP20.00$g0$hA$5Uk
=LAS  \\$aIPL-CLA$b00$c20221231$lBLL01$h1453

