=LDR  01449 as a22004218i 4500
=001  017077050
=003  Uk
=005  20210119145033.0
=006  m\\\\\\\\d\|\\\\\\
=007  cr||||||||||||
=008  150220c20189999enkfr\p\o\\\\\0\\\a0eng\\
=FMT  \\$a  SE
=022  0\$a2058-6353
=037  \\$aISSN_20586353$bPortico$nWiley
=040  \\$aUk$beng$cUk$erda
=222  \0$aCORE trials
=245  00$aCORE trials :
=263  \\$a201801
=264  \1$aChichester :$bWiley-Blackwell
=310  \\$aSemiannual
=336  \\$atext$2rdacontent
=337  \\$acomputer$2rdamedia
=338  \\$aonline resource$2rdacarrier
=859  \\$aELD$bejournal
=852  41$aBritish Library$bHMNTS$jELD Digital store
=985  \\$aISSN responsibility transferred to US ISSN Center from ISSN UK Centre, Wiley, Multinational Publisher List, Summer 2017.
=985  \\$aOn Wiley Removals list - resource not available to complete ED 19/1/2021
=CAT  \\$a11315$b40$c20150220$lBLL01$h1151
=CAT  \\$a10806$b40$c20150225$lBLL01$h1546
=CAT  \\$a11313$b40$c20150514$lBLL01$h1043
=CAT  \\$aBATCH-CLA$b00$c20151127$lBLL01$h1630
=CAT  \\$aWR15058$c20151230$lBLL01$h1441
=CAT  \\$a14412$b40$c20160213$lBLL01$h1205
=CAT  \\$a11130$b40$c20170324$lBLL01$h1427
=CAT  \\$aW1711-1005$c20171205$lBLL01$h2213
=CAT  \\$a11313$b40$c20180305$lBLL01$h1545
=CAT  \\$a8483$b40$c20210119$lBLL01$h1450
=LAS  \\$a8483$b40$c20210119$lBLL01$h1450

