=LDR  02307 as a2200565 i 4500
=001  017151981
=003  Uk
=005  20170621171112.0
=006  m\\\\\|\\d\|\\\\\\
=007  cr\|||||||||||
=008  150413c20159999enkar\\\o\\\\o0\\\a0eng\\
=FMT  \\$a  SE
=015  \\$aGBB543722$2bnb
=040  \\$aUk$beng$cUk$dUk$erda
=042  \\$aukblsr
=082  04$a379.12140941$223
=130  0\$aRecurrent grants for ... (2015)
=245  10$aRecurrent grants for ...
=246  1\$iAlso known as:$aRecurrent grants for ... Provisional allocations
=264  \1$a[Bristol] :$bHigher Education Funding Council for England,$c2015-
=310  \\$aAnnual
=336  \\$atext$2rdacontent
=337  \\$acomputer$2rdamedia
=338  \\$aonline resource$2rdacarrier
=362  0\$a2015/16-
=490  1\$32015/16:$aCore funding/operations
=490  0\$aAllocation of funds
=500  \\$aAccompanied by on Web page by Excel tables.
=500  \\$aTitle from PDF caption (publisher's Web site, viewed April 13, 2015).
=500  \\$a"summarises our provisional allocations to institutions of recurrent funding for teaching and research, and transitional research allocations".
=588  \\$aLatest issue consulted: 2016/17 (viewed June 21, 2017).
=650  \0$aEducation, Higher$xFinance$zGreat Britain$vPeriodicals.
=690  7\$aSocial Welfare$2blcoll
=710  2\$aHigher Education Funding Council for England,$eissuing body.
=780  00$tRecurrent grants and student number controls for
=830  \0$aCore funding/operations (Higher Education Funding Council for England)
=859  \\$aELD$bejournal
=852  41$aBritish Library$bHMNTS$jELD Digital store$3(2015/2016)-(2017/2018)
=CAT  \\$a3072$b40$c20150413$lBLL01$h1227
=CAT  \\$a3072$b40$c20150413$lBLL01$h1337
=CAT  \\$a3072$b40$c20150416$lBLL01$h1416
=CAT  \\$aWR15_120$c20150910$lBLL01$h1829
=CAT  \\$aBATCH-SWP$c20150918$lBLL01$h2211
=CAT  \\$a3072$b40$c20170621$lBLL01$h1702
=CAT  \\$a3072$b40$c20170621$lBLL01$h1711
=CAT  \\$aW1711-1005$c20171206$lBLL01$h1828
=FIN  \\$aY$d20150413
=LET  \0$aRecurrent grants (Electronic)
=LKR  \\$aPAR$b016510934$lBLL01$r776$mRecurrent grants for$nRecurrent grants and student number controls for
=LAS  \\$aW1711-1005$b00$c20171206$lBLL01$h1828

