=LDR  02671 as a2200625 a 4500
=001  013611927
=003  Uk
=005  20151029123040.0
=006  m\\\\\\\\d\|\\\\\\
=007  cr||||||||||||
=008  061128d199u2015enkmr\p\s\\\\\0\\\a0eng\\
=015  \\$aGBA738046$2bnb
=040  \\$aUk$beng$cUk{dollar}dUk
=042  \\$aukblsr
=082  04$a332.4941$222
=110  20$aBank of England.$bMonetary Policy Committee.
=240  10$aMinutes of Monetary Policy Committee meeting (Online)
=245  10$aMinutes of Monetary Policy Committee meeting ...$h[electronic resource].
=260  \\$aLondon :$bBank of England,$c-2015.
=310  \\$aMonthly
=336  \\$atext$2rdacontent
=337  \\$acomputer$2rdamedia
=338  \\$aonline resource$2rdacarrier
=362  0\$a-8 July 2015.
=538  \\$aMode of access: World Wide Web.
=538  \\$aSystem requirements: Adobe Acrobat Reader.
=580  \\$aTo 2006 also issued in print format, and then continues print publication.
=588  \\$aDescription based on: 5 and 6 June 1997 issue; title from PDF caption (publisher's web site, viewed on 16 May 2007).
=588  \\$aLatest issue consulted: 8 July 2015 issue (viewed October 29, 2015).
=650  \0$aMonetary policy$zGreat Britain$xPeriodicals.
=690  7\$aManagement and Business Studies$2blcoll
=776  1\$aBank of England. Monetary Policy Committee.$sMinutes of monetary policy Committee meeting
=785  00$aBank of England. Monetary Policy Committee.$sMonetary policy summary and minutes of the Monetary Policy Committee meeting
=852  41$aBritish Library$bHMNTS$jELD Digital store$3(2013:Apr.)-(2015:Sep.)
=859  \\$aELD$bejournal
=CAT  \\$a10902$b40$c20061128$lBLL01$h1042
=CAT  \\$a10902$b40$c20061128$lBLL01$h1043
=CAT  \\$a10902$b40$c20061128$lBLL01$h1058
=CAT  \\$a3072$b40$c20070516$lBLL01$h1319
=CAT  \\$a3072$b40$c20070516$lBLL01$h1321
=CAT  \\$a3072$b40$c20070516$lBLL01$h1330
=CAT  \\$a8311$b40$c20130503$lBLL01$h1115
=CAT  \\$aBATCH-MBS$c20130510$lBLL01$h2126
=CAT  \\$aWR13.114$c20130717$lBLL01$h1313
=CAT  \\$aWR14_072$c20140608$lBLL01$h1426
=CAT  \\$aBATCH-UPD$b00$c20140926$lBLL01$h1427
=CAT  \\$aWR15_120$c20150910$lBLL01$h1825
=CAT  \\$a11316$b40$c20151029$lBLL01$h1158
=CAT  \\$a11316$b40$c20151029$lBLL01$h1230
=CAT  \\$aW1711-1005$c20171206$lBLL01$h1819
=FIN  \\$aY$d20070516
=FMT  \\$a  SE
=LAS  \\$aW1711-1005$b00$c20171206$lBLL01$h1819
=LKR  \\$aPAR$b009268072$lBLL01$r776$mMinutes of Monetary Policy Committee meeting ... (Online)$nMinutes of Monetary Policy Committee meeting ... (Print)
=TCO  \\$aCLA$bCLA$c008

