=LDR  02538cas a2200649 a 4500
=001  013625565
=003  Uk
=005  20131121152305.0
=006  m\\\\\\\\d\|\\\\\\
=007  cr||||||||||||
=008  061213c199u9999enkqr\p\s\\\\\0\\\a0eng\\
=FMT  \\$a  SE
=015  \\$aGBA735854$2bnb
=022  0\$a1998-0337
=040  \\$aUk$beng$cUk$dUk
=042  \\$aukblsr
=082  04$a919.89$222
=130  0\$aSCAR bulletin (Online)
=210  0\$aSCAR bull.$b(Online)
=222  \0$aSCAR bulletin$b(Online)
=245  10$aSCAR bulletin$h[electronic resource] /$cThe International Council for Science.
=260  \\$aCambridge :$bpublished by the Scientific Committee on Antarctic Research at the Scott Polar Research Institute
=310  \\$aQuarterly
=336  \\$atext$2rdacontent
=337  \\$acomputer$2rdamedia
=338  \\$aonline resource$2rdacarrier
=538  \\$aMode of access: World Wide Web.
=538  \\$aSystem requirements: Adobe Acrobat Reader.
=516  \\$aIn HTML; from 2002 in PDF format.
=580  \\$aTo 2004? also issued in print.
=580  \\$aSelections are reprinted as part of: Polar record.
=500  \\$aDescription based on: No. 128 (Jan. 1998); title from caption (publisher's web site, viewed 9 May 2007).
=610  20$aInternational Council for Science.$bScientific Committee on Antarctic Research$vPeriodicals.
=651  \0$aAntarctica$xResearch$vPeriodicals.
=710  2\$aInternational Council for Science.$bScientific Committee on Antarctic Research.
=730  0\$aPolar record.$x1475-3057
=780  10$tSCAR bulletin$x0558-0048
=859  \\$aELD$bejournal
=852  41$aBritish Library$bSTI$jELD Digital store$3Number 184(2013)-
=CAT  \\$a6524$b40$c20061213$lBLL01$h1221
=CAT  \\$a6524$b40$c20061213$lBLL01$h1324
=CAT  \\$a3072$b40$c20070509$lBLL01$h1349
=CAT  \\$a3072$b40$c20070509$lBLL01$h1452
=CAT  \\$a3072$b40$c20070509$lBLL01$h1613
=CAT  \\$a3072$b40$c20070720$lBLL01$h1301
=CAT  \\$a3072$b40$c20070912$lBLL01$h0958
=CAT  \\$a6537$b40$c20080227$lBLL01$h1453
=CAT  \\$a6790$b40$c20131121$lBLL01$h1523
=CAT  \\$aBATCH-859E$c20131121$lBLL01$h2307
=CAT  \\$aWR14_072$c20140608$lBLL01$h1426
=CAT  \\$aWR14_140$c20140905$lBLL01$h1814
=CAT  \\$aWR15_120$c20150910$lBLL01$h1825
=CAT  \\$aW1711-1005$c20171206$lBLL01$h1819
=FIN  \\$aY$d20070509
=LKR  \\$aPAR$b010843915$lBLL01$r78010$mSCAR bulletin.$nSCAR BULLETIN
=TCO  \\$aCLA$bCLA$c008
=LAS  \\$aW1711-1005$b00$c20171206$lBLL01$h1819

