=LDR  02651cas a2200625 a 4500
=001  013804229
=003  Uk
=005  20130419131001.0
=006  m\\\\\\\\d\|\\\\\\
=007  cr||||||||||||
=008  070730c200u9999wlkwr\p\s\\\\\0\\\a0eng\\
=FMT  \\$a  SE
=015  \\$aGBA759410$2bnb
=040  \\$aUk$beng$cUk$dUk
=042  \\$aukblsr
=082  04$a338.710942$222
=245  00$aCompany law official notifications - Companies Act 1985.$pSupplement to the London gazette of the ...$h[electronic resource].
=246  03$aLondon gazette company law supplement
=246  13$aSupplement to the London gazette of the ...
=260  \\$aCardiff :$bpublished by authority of the Dept. of Trade and Industry, Companies House
=310  \\$aWeekly
=336  \\$atext$2rdacontent
=337  \\$acomputer$2rdamedia
=338  \\$aonline resource$2rdacarrier
=538  \\$aMode of access: World Wide Web via FTP.
=520  \\$aIncludes notifications on certificates of incorporation, changes of name, reregistration, striking off and dissolutions.
=500  \\$aEach issue consists of 4 zipped files, with title bar titles: Company law A.-- Company law B_R.-- Company law LLP.-- Company law striking off dissolutions.
=500  \\$aDescription based on: 9th day of Jan. 2007 issue; title from PDF caption (viewed on 30 July 2007).
=650  \0$aCertificates of incorporation$zEngland$vPeriodicals.
=650  \0$aCorporation law$zEngland$vPeriodicals.
=650  \0$aCertificates of incorporation$zWales$vPeriodicals.
=650  \0$aCorporation law$zWales$vPeriodicals.
=690  7\$aManagement and Business Studies$2blcoll
=710  1\$aGreat Britain.$bCompanies House.
=859  \\$aELD$bejournal
=852  41$aBritish Library$bSTI$jELD Digital store$3(2013:Apr. 09)-
=CAT  \\$a3072$b40$c20070730$lBLL01$h1712
=CAT  \\$a3072$b40$c20070731$lBLL01$h1204
=CAT  \\$a3072$b40$c20070731$lBLL01$h1206
=CAT  \\$a3072$b40$c20070731$lBLL01$h1209
=CAT  \\$a3072$b40$c20070731$lBLL01$h1302
=CAT  \\$a10902$b40$c20070913$lBLL01$h1137
=CAT  \\$a3072$b40$c20090105$lBLL01$h1501
=CAT  \\$a3072$b40$c20090105$lBLL01$h1542
=CAT  \\$a3072$b40$c20090105$lBLL01$h1710
=CAT  \\$a3072$b40$c20090106$lBLL01$h1142
=CAT  \\$a10902$b40$c20130419$lBLL01$h1310
=CAT  \\$aBATCH-MBS$c20130426$lBLL01$h2115
=CAT  \\$aWR13.114$c20130717$lBLL01$h1314
=CAT  \\$aWR14_072$c20140608$lBLL01$h1426
=CAT  \\$aWR15_120$c20150910$lBLL01$h1825
=CAT  \\$aW1711-1005$c20171206$lBLL01$h1820
=FIN  \\$aY$d20070731
=TCO  \\$aCLA$bCLA$c008
=LAS  \\$aW1711-1005$b00$c20171206$lBLL01$h1820

