=LDR  01133 as a22003618a 4500
=001  015543438
=003  Uk
=005  20140415122403.0
=006  m\\\\\\\\d\|\\\\\\
=007  cr||||||||||||
=008  100430c20109999enkbr\p\s\\\\\0\\\a0eng\\
=022  0\$a2044-3668$202
=040  \\$aUk$beng$cUk
=222  \0$aUfo matrix magazine$b(Online)
=245  00$aUfo matrix magazine (Online)
=260  \\$aHayes, Middlesex :$bHealings of Atlantis
=263  \\$a201007
=310  \\$aBimonthly
=336  \\$atext$2rdacontent
=337  \\$acomputer$2rdamedia
=338  \\$aonline resource$2rdacarrier
=776  0\$tUfo matrix magazine$c(Print)$x2044-365X
=852  41$aBritish Library$bHMNTS$jELD Digital store$3Volume 1:Number 1(2010)
=859  \\$aELD$bejournal
=CAT  \\$a11315$b40$c20100430$lBLL01$h1111
=CAT  \\$a10983$b40$c20140415$lBLL01$h1224
=CAT  \\$aWR14_072$c20140608$lBLL01$h1427
=CAT  \\$aWR15_120$c20150910$lBLL01$h1825
=CAT  \\$aW1711-1005$c20171206$lBLL01$h1822
=FMT  \\$a  SE
=LAS  \\$aW1711-1005$b00$c20171206$lBLL01$h1822
=LET  \0$aUfo matrix magazine (Online)
=TCO  \\$aCLA$bCLA$c008

