=LDR  02110 as a2200565 a 4500
=001  015599914
=003  Uk
=005  20140624122736.0
=006  m\\\\\\\\d\|\\\\\\
=007  cr||||||||||||
=008  100713d2009201ustkuu\p\o\\\\o0\\\a0eng\\
=015  \\$aGBB083348$2bnb
=040  \\$aUk$beng$cUk$dUk
=042  \\$aukblsr
=082  04$a364.309411021$222
=245  00$aScottish crime and justice survey.$pFirst findings$h[electronic resource].
=260  \\$aEdinburgh :$bScottish Government,$c2009-
=336  \\$atext$2rdacontent
=337  \\$acomputer$2rdamedia
=338  \\$aonline resource$2rdacarrier
=362  0\$a2008/09-
=500  \\$aDescription based on: 2008-09 issue; title from PDF title page (publisher's Web site, viewed July 13 2010).
=538  \\$aMode of access: World Wide Web.
=538  \\$aSystem requirements: Adobe Acrobat Reader.
=650  \0$aCriminal statistics$zScotland$vPeriodicals.
=650  \0$aCrime$zScotland$vPeriodicals.
=650  \0$aVictims of crimes surveys$zScotland$vPeriodicals.
=690  7\$aSocial Welfare$2blcoll
=710  1\$aScotland.$bScottish Government.
=710  1\$aScotland.$bSocial Research.
=710  2\$aUK Statistics Authority.
=770  0\$tScottish crime and justice survey. Sexual victimisation and stalking
=852  41$aBritish Library$bHMNTS$jELD Digital store$32008/2009-2010/2011
=859  \\$aELD$bejournal
=CAT  \\$a7332$b40$c20100713$lBLL01$h1508
=CAT  \\$a8201E$b40$c20100805$lBLL01$h1423
=CAT  \\$a7332$b40$c20101111$lBLL01$h1252
=CAT  \\$a5997$b40$c20110329$lBLL01$h1434
=CAT  \\$a9512$b40$c20131107$lBLL01$h1714
=CAT  \\$aBATCH-SWP$c20131116$lBLL01$h0028
=CAT  \\$aWR14.047$c20140417$lBLL01$h1645
=CAT  \\$a8201$b40$c20140624$lBLL01$h1227
=CAT  \\$a5194$b40$c20161013$lBLL01$h1133
=CAT  \\$aBATCH-UPD$b40$c20161013$lBLL01$h1135
=CAT  \\$aW1711-1005$c20171206$lBLL01$h1822
=FIN  \\$aY$d20100713
=FMT  \\$a  SE
=LAS  \\$aW1711-1005$b00$c20171206$lBLL01$h1822
=LET  \0$aScottish crime and justice survey (Electronic)
=TCO  \\$aCLA$bCLA$c008

