=LDR  02027cas a2200529 a 4500
=001  015737049
=003  Uk
=005  20131010145844.0
=006  m\\\\\\\\d\|\\\\\\
=007  cr||||||||||||
=008  110121c20069999enkfr\p\s\\\\\0\\\a0eng\\
=FMT  \\$a  SE
=015  \\$aGBB111309$2bnb
=040  \\$aUk$beng$cUk
=042  \\$aukblsr
=082  04$a333.7830942275$222
=130  0\$aPark life (Lymington, England : Online)
=245  10$aPark life$h[electronic resource] :$bnews from the New Forest National Park Authority.
=260  \\$aLymington :$bNew Forest National Park Authority,$c2006-
=310  \\$aSemiannual
=336  \\$atext$2rdacontent
=337  \\$acomputer$2rdamedia
=338  \\$aonline resource$2rdacarrier
=362  0\$aNo. 1 (spring 2006)-
=538  \\$aMode of access: World Wide Web.
=538  \\$aSystem requirements: Adobe Acrobat Reader.
=530  \\$aAlso issued in print.
=500  \\$aTitle from PDF caption (publisher's Web site, viewed Jan. 21, 2011).
=588  \\$aLatest issue consulted: No. 10 (autum/winter 2010) (viewed Jan. 21, 2011).
=610  20$aNew Forest National Park Authority$vPeriodicals.
=651  \0$aNew Forest (England : Forest)$vPeriodicals.
=710  2\$aNew Forest National Park Authority.
=776  1\$tPark life (Lymington, England)
=859  \\$aELD$bejournal
=852  41$aBritish Library$bHMNTS$jELD Digital store$3Issue 15(2013:Spring/Summer)-***Previous issues available in print copy
=CAT  \\$a5997$b40$c20110121$lBLL01$h1419
=CAT  \\$a5997$b40$c20110121$lBLL01$h1431
=CAT  \\$a10983$b40$c20131010$lBLL01$h1458
=CAT  \\$aBATCH-859E$c20131010$lBLL01$h2320
=CAT  \\$aWR14_072$c20140608$lBLL01$h1427
=CAT  \\$aWR15_120$c20150910$lBLL01$h1826
=CAT  \\$aW1711-1005$c20171205$lBLL01$h2211
=FIN  \\$aY$d20110121
=LET  \0$aPark life (Electronic)
=LKR  \\$aPAR$b014774349$lBLL01$nPark life (Print)$mPark life (Online)$r776
=TCO  \\$aCLA$bCLA$c008
=LAS  \\$aW1711-1005$b00$c20171205$lBLL01$h2211

