=LDR  02206cas a2200529 a 4500
=001  015741351
=003  Uk
=005  20140120173157.0
=006  m\\\\\\\\d\|\\\\\\
=007  cr||||||||||||
=008  110127c200u9999enkar\\\s\\\\\0\\\a0eng\\
=FMT  \\$a  SE
=040  \\$aUk$beng$cUk
=042  \\$aukblsr
=082  04$a726.5094105$222
=110  2\$aChurches Conservation Trust.
=240  10$aAnnual report and accounts (2009? : Online)
=245  10$aAnnual report and accounts$h[electronic resource] :$bfor the year ended 31 March ...
=246  1\$iWeb site list title:$aStatutory accounts
=260  \\$a[London] :$bChurches Conservation Trust
=336  \\$atext$2rdacontent
=337  \\$acomputer$2rdamedia
=338  \\$aonline resource$2rdacarrier
=538  \\$aMode of access: World Wide Web.
=538  \\$aSystem requirements: Adobe Acrobat Reader.
=588  \\$aDescription based on: 2008/2009 issue; title from PDF title page (publisher's Web site, viewed Jan. 27, 2011).
=588  \\$aLatest issue consulted: 2009/2010 (viewed Jan. 27, 2011).
=610  20$aChurches Conservation Trust$vPeriodicals.
=610  20$aChurches Conservation Trust$xFinance$vPeriodicals.
=776  0\$aChurches Conservation Trust.$sAnnual report and accounts (2011 : Print)
=859  \\$aELD$bejournal
=852  41$aBritish Library$bHMNTS$jELD Digital store$3(2013)-
=985  \\$aDO NOT CONFUSE WITH "ANNUAL REVIEW" WHICH IS LISTED ON WEB SITE AS "ANNUAL REPORT". "ANNUAL REPORT AND ACCOUNTS" IS LISTED AS "STATUTORY ACCOUNTS" ON WEB SITE.
=CAT  \\$a5997$b40$c20110127$lBLL01$h1452
=CAT  \\$a5997$b40$c20110127$lBLL01$h1455
=CAT  \\$a5997$b40$c20110131$lBLL01$h1331
=CAT  \\$a8124$b40$c20110922$lBLL01$h1517
=CAT  \\$a9512$b40$c20140103$lBLL01$h1631
=CAT  \\$aBATCH-859E$c20140103$lBLL01$h2326
=CAT  \\$a14112$b40$c20140120$lBLL01$h1731
=CAT  \\$aWR14_072$c20140608$lBLL01$h1427
=CAT  \\$aWR15_120$c20150910$lBLL01$h1826
=CAT  \\$aW1711-1005$c20171205$lBLL01$h2211
=FIN  \\$aY$d20110131
=LET  \0$aStatutory accounts (Annual report and accounts) (Electronic)
=TCO  \\$aCLA$bCLA$c008
=LAS  \\$aW1711-1005$b00$c20171205$lBLL01$h2211

