=LDR  02564 as a2200577 a 4500
=001  015798217
=003  Uk
=005  20140609113422.0
=006  m\\\\\\\\d\|\\\\\\
=007  cr||||||||||||
=008  110503c200u9999nikar\\\s\\\\o0\\\a0eng\\
=015  \\$aGBB152206$2bnb
=040  \\$aUk$beng$cUk
=042  \\$aukblsr
=082  04$a365.941625$222
=130  0\$aIndependent Monitoring Board's annual report. Magilligan Prison (Online)
=245  10$aIndependent Monitoring Board's annual report ...$pMagilligan Prison$h[electronic resource] /$cIndependent Monitoring Board.
=246  30$aMagilligan Prison
=246  17$aAnnual report to the Secretary of State for Northern Ireland
=260  \\$a[Belfast] :$bIMB (Northern Ireland)
=336  \\$atext$2rdacontent
=337  \\$acomputer$2rdamedia
=338  \\$aonline resource$2rdacarrier
=362  0\$a2005/06-
=538  \\$aMode of access: World Wide Web.
=538  \\$aSystem requirements: Adobe Acrobat Reader.
=580  \\$aTo 2008/09 also issued in print.
=588  \\$aTitle from PDF title page (publisher's Web site, viewed May 3, 2011).
=588  \\$aLatest issue consulted: 2009/10 (viewed May 3, 2011).
=610  20$aMagilligan Prison (Limavady, Northern Ireland)
=650  \0$aPrison administration$zNorthern Ireland$vPeriodicals.
=690  7\$aSocial Welfare$2blcoll
=710  2\$aIndependent Monitoring Board for Northern Ireland.
=776  1\$tIndependent Monitoring Board's annual report. Magilligan Prison
=780  10$tMaghaberry Prison
=852  41$aBritish Library$bHMNTS$jELD Digital store$3(2012/2013)-(2014/2015)
=859  \\$aELD$bejournal
=CAT  \\$a5997$b40$c20110503$lBLL01$h0946
=CAT  \\$aBATCH-UPD$b40$c20130416$lBLL01$h1557
=CAT  \\$a6790$b40$c20140609$lBLL01$h1113
=CAT  \\$a6790$b40$c20140609$lBLL01$h1134
=CAT  \\$aWR15_120$c20150910$lBLL01$h1826
=CAT  \\$aBATCH-SWP$c20150918$lBLL01$h2211
=CAT  \\$aW1711-1005$c20171206$lBLL01$h1823
=FIN  \\$aY$d20110503
=FMT  \\$a  SE
=LAS  \\$aW1711-1005$b00$c20171206$lBLL01$h1823
=LET  \0$aIndependent Monitoring Board's annual report. Magilligan Prison (Electronic)
=LKR  \\$aPAR$b015110920$lBLL01$nIndependent Monitoring Board's annual report. Magilligan Prison (Print)$mIndependent Monitoring Board's annual report. Magilligan Prison (Online)$r776
=LKR  \\$aPAR$b015798182$lBLL01$nMagilligan Prison. Board of Visitor's annual report (Online)$mIndependent Monitoring Board's annual report. Magilligan Prison (Online)$r78000
=TCO  \\$aCLA$bCLA$c008

