=LDR  02299 as a2200613 a 4500
=001  015806748
=003  Uk
=005  20210929105350.0
=006  m\\\\\\\\d\|\\\\\\
=007  cr||||||||||||
=008  110512d200u201uenkar\\\s\\\\o0\\\a0wel\\
=015  \\$aGBB158053$2bnb
=040  \\$aUk$beng$cUk
=041  \\$awel$aeng
=042  \\$aukblsr
=082  04$a331.2529135430942$222
=110  1\$aGreat Britain.$bEnvironment Agency.
=245  10$aCronfa bensiwn weithredol.$pFundfare ...$h[electronic resource] /$cAsiantaeth yr Amgylchedd Cymru.
=246  31$aActive pension fund.$pFundfare
=250  \\$a[Welsh/English ed].
=260  \\$aBryste :$bAsiantaeth yr Amgylchedd
=336  \\$atext$2rdacontent
=337  \\$acomputer$2rdamedia
=338  \\$aonline resource$2rdacarrier
=500  \\$aDescription based on: 2010 issue; title from PDF cover (viewed Jan. 27, 2011).
=538  \\$aMode of access: World Wide Web.
=538  \\$aSystem requirements: Adobe Acrobat Reader.
=546  \\$aIn English and Welsh.
=610  10$aGreat Britain.$bEnvironment Agency.$bActive Pension Fund$vPeriodicals.
=610  10$aGreat Britain.$bEnvironment Agency$xPensions$vPeriodicals.
=650  \0$aPension trusts$zEngland$vPeriodicals.
=650  \0$aPension trusts$zWales$vPeriodicals.
=690  7\$aManagement and Business Studies$2blcoll
=690  7\$aSocial Welfare$2blcoll
=710  2\$aEnvironment Agency Wales.
=775  0\$aGreat Britain. Environment Agency.$sActive pension fund. Fundfare (Online)
=852  41$aBritish Library$bHMNTS$jELD Digital store
=859  \\$aELD$bejournal
=985  \\$anot found on website
=CAT  \\$a3072$b40$c20110512$lBLL01$h1632
=CAT  \\$a3072$b40$c20110513$lBLL01$h1628
=CAT  \\$a3072$b40$c20110513$lBLL01$h1644
=CAT  \\$a8311$b40$c20131210$lBLL01$h0837
=CAT  \\$aBATCH-MBS$c20131213$lBLL01$h2140
=CAT  \\$aBATCH-SWP$c20131214$lBLL01$h0126
=CAT  \\$a14112$b40$c20140120$lBLL01$h1725
=CAT  \\$a8871$b40$c20140716$lBLL01$h1622
=CAT  \\$aW1711-1005$c20171206$lBLL01$h1823
=CAT  \\$a6490$b40$c20210929$lBLL01$h1053
=FIN  \\$aY$d20110513
=FMT  \\$a  SE
=LAS  \\$a6490$b40$c20210929$lBLL01$h1053
=LET  \0$aCronfa bensiwn weithredol. Fundfare (Electronic)
=TCO  \\$aCLA$bCLA$c008

