=LDR  02557 as a2200661 a 4500
=001  015807156
=003  Uk
=005  20141209082627.0
=006  m\\\\\\\\d\|\\\\\\
=007  cr||||||||||||
=008  110513d200u201uenkar\\\o\\\\o0\\\a0wel\\
=015  \\$aGBB158056$2bnb
=040  \\$aUk$beng$cUk$dUk
=041  \\$awel$aeng
=042  \\$aukblsr
=082  04$a331.2529135430942$222
=110  1\$aGreat Britain.$bEnvironment Agency.
=240  10$aClosed pension fund.$pFundfare (Welsh/English ed.)
=245  10$aCronfa bensiwn gaeëdig.$pFundfare ...$h[electronic resource] /$cAsiantaeth yr Amgylchedd Cymru.
=246  1\$iAdded title page:$aClosed pension fund.$pFundfare
=250  \\$a[Welsh/English ed].
=260  \\$aBryste :$bAsiantaeth yr Amgylchedd
=336  \\$atext$2rdacontent
=337  \\$acomputer$2rdamedia
=338  \\$aonline resource$2rdacarrier
=500  \\$aDescription based on: 2010 issue; title from PDF cover (viewed Jan. 27, 2011).
=538  \\$aMode of access: World Wide Web.
=538  \\$aSystem requirements: Adobe Acrobat Reader.
=546  \\$aIn English and Welsh.
=610  10$aGreat Britain.$bEnvironment Agency.$bClosed Pension Fund$vPeriodicals.
=610  10$aGreat Britain.$bEnvironment Agency$xPensions$vPeriodicals.
=650  \0$aPension trusts$zEngland$vPeriodicals.
=650  \0$aPension trusts$zWales$vPeriodicals.
=690  7\$aManagement and Business Studies$2blcoll
=690  7\$aSocial Welfare$2blcoll
=710  2\$aEnvironment Agency Wales.
=775  08$iAlso issued in English ed.:$aGreat Britain. Environment Agency.$tClosed pension fund. Fundfare
=852  41$aBritish Library$bHMNTS$jELD Digital store
=859  \\$aELD$bejournal
=985  \\$anot found on website
=CAT  \\$a3072$b40$c20110513$lBLL01$h1638
=CAT  \\$a3072$b40$c20110513$lBLL01$h1647
=CAT  \\$a3072$b40$c20110513$lBLL01$h1649
=CAT  \\$a11249$b40$c20110518$lBLL01$h1213
=CAT  \\$a3072$b40$c20111201$lBLL01$h1613
=CAT  \\$a3072$b40$c20111201$lBLL01$h1616
=CAT  \\$a9512$b40$c20140129$lBLL01$h1631
=CAT  \\$aBATCH-MBS$c20140207$lBLL01$h2133
=CAT  \\$aBATCH-SWP$c20140207$lBLL01$h2344
=CAT  \\$aWR14.047$c20140417$lBLL01$h1645
=CAT  \\$a8871$b40$c20140716$lBLL01$h1624
=CAT  \\$a8201$b40$c20141209$lBLL01$h0826
=CAT  \\$aW1711-1005$c20171206$lBLL01$h1823
=FIN  \\$aY$d20110513
=FMT  \\$a  SE
=LAS  \\$aW1711-1005$b00$c20171206$lBLL01$h1823
=LET  \0$aCronfa bensiwn gaeëdig. Fundfare (Electronic)
=TCO  \\$aCLA$bCLA$c008

