=LDR  01724 as a2200445 a 4500
=001  015840676
=003  Uk
=005  20150721161127.0
=006  m\\\\\\\\d\|\\\\\\
=007  cr||||||||||||
=008  110705c200u9999enkuu\p\s\\\\o0\\\a0eng\\
=015  \\$aGBB180235$2bnb
=040  \\$aUk$beng$cUk$dUk
=042  \\$aukblsr
=082  04$a353.44$223
=110  1\$aGreat Britain.$bCriminal Injuries Compensation Authority.
=245  10$aBusiness plan$h[electronic resource] /$cCriminal Injuries Compensation Authority.
=260  \\$a[London] :$bCriminal Injuries Compensation Authority
=336  \\$atext$2rdacontent
=337  \\$acomputer$2rdamedia
=338  \\$aonline resource$2rdacarrier
=538  \\$aMode of access: World Wide Web.
=538  \\$aSystem requirements: Adobe Acrobat Reader.
=588  \\$aDescription based on: 2011/15 issue; title from PDF cover page (publisher's Web site, viewed July 5, 2011).
=610  10$aGreat Britain.$bCriminal Injuries Compensation Authority$xPlanning$vPeriodicals.
=690  7\$aManagement and Business Studies$2blcoll
=852  41$aBritish Library$bHMNTS$jELD Digital store$3(2011/2015)-(2014/2018)
=859  \\$aELD$bejournal
=CAT  \\$a5997$b40$c20110705$lBLL01$h1441
=CAT  \\$a5997$b40$c20110705$lBLL01$h1444
=CAT  \\$aWR14.047$c20140417$lBLL01$h1646
=CAT  \\$a3072$b40$c20150721$lBLL01$h1611
=CAT  \\$aWR15_120$c20150910$lBLL01$h1826
=CAT  \\$aBATCH-MBS$c20150918$lBLL01$h2047
=CAT  \\$aW1711-1005$c20171206$lBLL01$h1823
=FIN  \\$aY$d20110705
=FMT  \\$a  SE
=LAS  \\$aW1711-1005$b00$c20171206$lBLL01$h1823
=LET  \0$aBusiness plan - Criminal Injuries Compensation Authority (Electronic)
=TCO  \\$aCLA$bCLA$c008

