=LDR  02406 as a2200577 a 4500
=001  015847777
=003  Uk
=005  20170614080252.0
=006  m\\\\\\\\d\|\\\\\\
=007  cr||||||||||||
=008  110713d20102014enkar\\\s\\\\\0\\\a0eng\\
=015  \\$aGBB184595$2bnb
=040  \\$aUk$beng$cUk$dUk
=042  \\$aukblsr
=082  04$a353.979234094249$223
=110  2\$aWest Midlands Fire Service.
=240  10$aAnnual report (Online)
=245  10$aAnnual report$h[electronic resource] /$cWest Midlands Fire Service.
=246  1\$iMinor title change:$aReport,$f10/11-
=260  \\$aBirmingham :$bWest Midlands Fire Service,$c2010-2014.
=336  \\$atext$2rdacontent
=337  \\$acomputer$2rdamedia
=338  \\$aonline resource$2rdacarrier
=362  0\$a2009/2010-2013/2014.
=538  \\$aMode of access: World Wide Web.
=538  \\$aSystem requirements: Adobe Acrobat Reader.
=580  \\$aTo 2008/2009 also issued in print.
=588  \\$aTitle from PDF cover page (publisher's Web site, viewed July 13, 2011).
=588  \\$aLatest issue consulted: 12/13 (viewed April 24, 2014).
=610  20$aWest Midlands Fire Service$vPeriodicals.
=690  7\$aManagement and Business Studies$2blcoll
=780  10$aWest Midlands Fire Service.$tAnnual report
=785  01$aWest Midlands Fire and Rescue Authority.$tStatement of assurance and the report
=852  41$aBritish Library$bHMNTS$jELD Digital store$3(2012/2013)-(2013/2014)
=859  \\$aELD$bejournal
=985  \\$aStrictly speaking a C/T to "The report" with 10/11 but C/T missed and still produced annually, so in the spirit of a minor title change.
=CAT  \\$a5997$b40$c20110713$lBLL01$h1052
=CAT  \\$a5997$b40$c20110713$lBLL01$h1104
=CAT  \\$a3072$b40$c20140424$lBLL01$h1653
=CAT  \\$aWR15_120$c20150910$lBLL01$h1826
=CAT  \\$aBATCH-MBS$c20150918$lBLL01$h2047
=CAT  \\$aWR16_048$c20160322$lBLL01$h1614
=CAT  \\$a8124$b40$c20170613$lBLL01$h1516
=CAT  \\$a8124$b40$c20170614$lBLL01$h0802
=CAT  \\$aW1711-1005$c20171206$lBLL01$h1823
=FIN  \\$aY$d20110713
=FMT  \\$a  SE
=LAS  \\$aW1711-1005$b00$c20171206$lBLL01$h1823
=LET  \0$aAnnual report - West Midlands Fire Service (Electronic)
=LKR  \\$aPAR$b014792169$lBLL01$nAnnual report - West Midlands Fire Service (Print)$mAnnual report - West Midlands Fire Service (Online)$r78010
=TCO  \\$aCLA$bCLA$c008

