=LDR  02157 as a2200553 a 4500
=001  015852702
=003  Uk
=005  20140829154850.0
=006  m\\\\\\\\d\|\\\\\\
=007  cr||||||||||||
=008  110720c20109999enkar\p\s\s\\o0\\\a0eng\\
=015  \\$aGBB187262$2bnb
=040  \\$aUk$beng$cUk
=042  \\$aukblsr
=082  04$a364.30942021$222
=245  00$aCompendium of reoffending statistics and analysis$h[electronic resource].
=246  3\$aCompendium of re-offending statistics and analysis
=260  \\$aLondon :$bMinistry of Justice,$c2010-
=310  \\$aAnnual
=336  \\$atext$2rdacontent
=337  \\$acomputer$2rdamedia
=338  \\$aonline resource$2rdacarrier
=362  0\$a2010-
=490  0\$aMinistry of Justice statistics bulletin
=500  \\$aAccompanied on Web site by Excel spreadsheets containing same data as main bulletin.
=500  \\$aExecutive summary for 2010 also produced separately, as well as in the main bulletin.
=500  \\$aTitle from PDF cover page (publisher's Web site, viewed July 20, 2011).
=538  \\$aMode of access: World Wide Web.
=538  \\$aSystem requirements: Adobe Acrobat Reader.
=588  \\$aLatest issue consulted: 2010 (viewed July 20, 2011).
=650  \0$aRecidivism$zEngland$vStatistics$vPeriodicals.
=650  \0$aRecidivism$zWales$vStatistics$vPeriodicals.
=690  7\$aSocial Welfare$2blcoll
=710  1\$aGreat Britain.$bMinistry of Justice.
=740  02$aCompendium of reoffending statistics and analysis$pExecutive summary.
=852  41$aBritish Library$bHMNTS$jELD Digital store$3(2013)
=859  \\$aELD$bejournal
=CAT  \\$a5997$b40$c20110720$lBLL01$h1416
=CAT  \\$a5997$b40$c20110720$lBLL01$h1423
=CAT  \\$a5997$b40$c20110720$lBLL01$h1429
=CAT  \\$a10983$b40$c20140829$lBLL01$h1548
=CAT  \\$aWR15_120$c20150910$lBLL01$h1826
=CAT  \\$aBATCH-SWP$c20150918$lBLL01$h2211
=CAT  \\$aW1711-1005$c20171206$lBLL01$h1823
=FIN  \\$aY$d20110720
=FMT  \\$a  SE
=LAS  \\$aW1711-1005$b00$c20171206$lBLL01$h1823
=LET  \0$aCompendium of reoffending statistics and analysis (Electronic)
=TCO  \\$aCLA$bCLA$c008

