=LDR  02512cas a2200613 a 4500
=001  015898301
=003  Uk
=005  20130520140135.0
=006  m\\\\\\\\d\|\\\\\\
=007  cr||||||||||||
=008  110927c19929999stkar\p\s\\\\o0\\\a0eng\\
=FMT  \\$a  SE
=040  \\$aUk$beng$cUk
=042  \\$aukblsr
=082  04$a336.41105$223
=130  1\$aGovernment expenditure & revenue Scotland (Online)
=245  10$aGovernment expenditure & revenue Scotland.$h[electronic resource].
=246  17$aGovernment expenditure and revenue Scotland
=260  \\$aEdinburgh :$bScottish Government
=310  \\$aAnnual
=336  \\$atext$2rdacontent
=337  \\$acomputer$2rdamedia
=338  \\$aonline resource$2rdacarrier
=362  1\$aPrint began with: 1992 issue?
=538  \\$aMode of access: World Wide Web.
=538  \\$aSystem requirements: Adobe Acrobat Reader.
=500  \\$aAccompanied on Web site by Excel spreadsheets containing same data as main report.
=530  \\$aAlso issued in print.
=588  \\$aDescription based on: 2009/2010 issue; title from PDF title page (publisher's Web site, viewed Sept. 27, 2011).
=650  \0$aFinance, Public$zScotland$vPeriodicals.
=651  \0$aScotland$xAppropriations and expenditures$vPeriodicals.
=690  7\$aManagement and Business Studies$2blcoll
=710  1\$aScotland.$bScottish Government.
=710  2\$aUK Statistics Authority.
=776  1\$tGovernment expenditure and revenue in Scotland
=859  \\$aELD$bejournal
=852  41$aBritish Library$bHMNTS$jELD Digital store$3(2012/2013)-***previous issues available in print copy
=CAT  \\$a5997$b40$c20110927$lBLL01$h0902
=CAT  \\$a5997$b40$c20110927$lBLL01$h0907
=CAT  \\$a5997$b40$c20110927$lBLL01$h0909
=CAT  \\$aBATCH-TCO$c20120117$lBLL01$h0039
=CAT  \\$a10983$b40$c20130520$lBLL01$h1401
=CAT  \\$aBATCH-MBS$c20130524$lBLL01$h2059
=CAT  \\$aWR13.114$c20130717$lBLL01$h1315
=CAT  \\$aWR14_072$c20140608$lBLL01$h1428
=CAT  \\$aWR15_120$c20150910$lBLL01$h1826
=CAT  \\$a5194$b40$c20161013$lBLL01$h1133
=CAT  \\$aBATCH-UPD$b40$c20161013$lBLL01$h1136
=CAT  \\$aW1711-1005$c20171206$lBLL01$h1823
=FIN  \\$aY$d20110927
=LET  \0$aGovernment expenditure & revenue Scotland (Electronic)
=LKR  \\$aPAR$b007923753$lBLL01$nGovernment expenditure & revenue Scotland (Print)$mGovernment expenditure & revenue Scotland (Online)$r776
=TCO  \\$aCLA$bCLA$c008
=LAS  \\$aW1711-1005$b00$c20171206$lBLL01$h1823

