=LDR  02729cas a22006858a 4500
=001  016100228
=003  Uk
=005  20230331154725.0
=006  m\\\\\\\\d\|\\\\\\
=007  cr||||||||||||
=008  120606c20129999enkmr\p\o\\\\\0\\\a0eng\\
=FMT  \\$a  SE
=022  \\$a2050-3024
=037  \\$aISSN_17532086$bPortico$nWiley
=040  \\$aUk$beng$cUk
=222  \4$aThe brewer & distiller international$b(Online)
=245  04$aThe brewer & distiller international$h[electronic resource].
=260  \\$aChichester :$bJohn Wiley & Sons Limited
=310  \\$aMonthly
=336  \\$atext$2rdacontent
=337  \\$acomputer$2rdamedia
=338  \\$aonline resource$2rdacarrier
=540  \\$aCurrent Copyright Fee: GBP25.00$c0$5Uk
=776  08$iAlso issued in print as:$tBrewer and distiller international$x1753-2086
=859  \\$aELD$bejournal
=852  41$aBritish Library$bHMNTS$jELD Digital store$3Content not received
=945  \\$aBrewer and distiller international
=979  \\$aBritish Library$bDSC$j2279.847250
=CAT  \\$a11313$b40$c20120606$lBLL01$h1429
=CAT  \\$a11313$b40$c20170908$lBLL01$h0857
=CAT  \\$a14412$b40$c20171107$lBLL01$h1425
=CAT  \\$a14412$b40$c20171116$lBLL01$h1547
=CAT  \\$aW1711-1005$c20171206$lBLL01$h1824
=CAT  \\$a5552$b40$c20191211$lBLL01$h1431
=CAT  \\$aBLDSS-3PM$b00$c20191218$lBLL01$h1021
=CAT  \\$aBATCH-UPD$b00$c20191218$lBLL01$h1021
=CAT  \\$aIPL-CLA$c20191231$lBLL01$h2031
=CAT  \\$a3072$b40$c20200909$lBLL01$h1732
=CAT  \\$a12654$b40$c20220413$lBLL01$h0911
=CAT  \\$aDEL-3PM$c20220421$lBLL01$h0809
=CAT  \\$a10806$b40$c20220421$lBLL01$h1454
=CAT  \\$a10806$b40$c20220527$lBLL01$h0756
=CAT  \\$aBATCH-CLA$b00$c20220628$lBLL01$h0756
=CAT  \\$aIPL-CLA$c20220630$lBLL01$h1539
=CAT  \\$aBATCH-CLA$b00$c20221206$lBLL01$h1804
=CAT  \\$aIPL-CLA$c20221231$lBLL01$h1451
=CAT  \\$aBATCH-CLA$b00$c20230329$lBLL01$h1626
=CAT  \\$aIPL-CLA$c20230331$lBLL01$h1547
=CFI  0\$aCurrent Copyright Fee: GBP25.00$c0$e01-apr-2023$fGBP25.00$g0$hC$5Uk
=CFI  2\$aBritish Library not licensed to copy$c0$e01-jan-2023$hC$iCFP Excluded$5Uk
=FIN  \\$aY$d20220527
=LET  \4$aThe brewer & distiller international (Electronic)
=MNI  \\$a1753-2086
=TOC  \\$aETOC
=UNO  \\$aY
=ACF  \\$aPrevious Copyright Fee: GBP32.00$c35\0$e01-jan-2020$fGBP32.00$g0$hP$5Uk
=ACF  \\$aPrevious copyright fee: GBP28.00$c35\0$e11-dec-2019$fGBP28.00$g0$hP$5Uk
=ACF  \\$aPrevious Copyright Fee: GBP22.50$c0$e13-apr-2022$fGBP22.50$g0$hA$5Uk
=ACF  \\$aPrevious Copyright Fee: GBP32.00$c0$e01-jul-2022$fGBP32.00$g0$hC$5Uk
=LAS  \\$aIPL-CLA$b00$c20230331$lBLL01$h1547

