=LDR  02123 as a2200529 a 4500
=001  016170237
=003  Uk
=005  20161019113929.0
=006  m\\\\\\\\d\|\\\\\\
=007  cr||||||||||||
=008  120914d20052013enkar\\\o\\\\\0\\\a0eng\\
=FMT  \\$a  SE
=015  \\$aGBB292545$2bnb
=040  \\$aUk$beng$cUk
=042  \\$aukblsr
=082  04$a624.0601$223
=110  2\$aInstitution of Civil Engineers (Great Britain)
=240  10$aAnnual report (Online)
=245  10$aAnnual report$h[electronic resource] /$cInstitution of Civil Engineers.
=246  17$aICE annual report
=260  \\$aLondon :$bInstitution of Civil Engineers
=310  \\$aAnnual
=336  \\$atext$2rdacontent
=337  \\$acomputer$2rdamedia
=338  \\$aonline resource$2rdacarrier
=362  1\$aPrint version began with 2005 issue.
=362  1\$aCeased with 2013.
=538  \\$aMode of access: World Wide Web.
=538  \\$aSystem requirements: Adobe Acrobat Reader.
=588  \\$aDescription based on: 2011 issue; title from PDF cover page (publisher's Web site, viewed Sept. 14, 2012).
=610  20$aInstitution of Civil Engineers (Great Britain)$vPeriodicals.
=610  20$aInstitution of Civil Engineers (Great Britain)$xFinance$vPeriodicals.
=776  08$iPrint version, -2010:$aInstitution of Civil Engineers (Great Britain)$tAnnual report
=785  00$aInstitution of Civil Engineers (Great Britain).$tAnnual report and accounts
=859  \\$aELD$bejournal
=852  41$aBritish Library$bHMNTS$jELD Digital store$3(2013)
=CAT  \\$a5997$b40$c20120914$lBLL01$h0856
=CAT  \\$a10902$b40$c20130725$lBLL01$h1151
=CAT  \\$aWR14.047$c20140417$lBLL01$h1646
=CAT  \\$aWR14_072$c20140608$lBLL01$h1431
=CAT  \\$aWR15_120$c20150910$lBLL01$h1827
=CAT  \\$a8483$b40$c20161019$lBLL01$h1139
=CAT  \\$aW1711-1005$c20171206$lBLL01$h1824
=FIN  \\$aY$d20120914
=LET  \0$aAnnual report - Institution of Civil Engineers (Great Britain) (Electronic)
=LKR  \\$aPAR$b014678183$lBLL01$nAnnual report (Print)$mAnnual report (Online)$r776
=LAS  \\$aW1711-1005$b00$c20171206$lBLL01$h1824

