=LDR  02163cas a2200505 a 4500
=001  016183390
=003  Uk
=005  20121003144209.0
=006  m\\\\\\\\d\|\\\\\\
=007  cr||||||||||||
=008  121003c20109999enk\r\\\o\\\\\0\\\a0eng\\
=FMT  \\$a  SE
=015  \\$aGBB2A0476$2bnb
=040  \\$aUk$beng$cUk
=042  \\$aukblsr
=082  04$a625.705$223
=110  2\$aChartered Institution of Highways & Transportation (Great Britain)
=240  10$aAnnual review (Online)
=245  10$aAnnual review$h[electronic resource] /$cChartered Institution of Highways & Transportation.
=246  1\$iWeb site list title:$aCIHT annual review
=260  \\$aLondon :$bCIHT
=336  \\$atext$2rdacontent
=337  \\$acomputer$2rdamedia
=338  \\$aonline resource$2rdacarrier
=362  1\$aPrint began with 2010 issue.
=538  \\$aMode of access: World Wide Web.
=538  \\$aSystem requirements: Adobe Acrobat Reader.
=588  \\$aDescription based on: 2012 issue; title from PDF cover page (publisher's Web site, viewed Oct. 3, 2012).
=610  20$aChartered Institution of Highways & Transportation (Great Britain)$vPeriodicals.
=610  20$aChartered Institution of Highways & Transportation (Great Britain)$xFinance$vPeriodicals.
=650  \0$aHighway engineering$vPeriodicals.
=650  \0$aRoads$xDesign and construction$vPeriodicals.
=650  \0$aTransportation$vPeriodicals.
=776  08$iPrint version, -2011:$aChartered Institution of Highways & Transportation (Great Britain).$tAnnual review
=859  \\$aELD$bejournal
=852  41$aBritish Library$bHMNTS$jELD Digital store$3(2013)-***Previous issues available in copy
=CAT  \\$a5997$b40$c20121003$lBLL01$h1439
=CAT  \\$a5997$b40$c20121003$lBLL01$h1442
=CAT  \\$aBATCH-859E$c20131211$lBLL01$h0006
=CAT  \\$aWR15_120$c20150910$lBLL01$h1827
=CAT  \\$aW1711-1005$c20171205$lBLL01$h2212
=FIN  \\$aY$d20121003
=LET  \0$aAnnual review - Chartered Institution of Highways & Transportation (Electronic)
=LKR  \\$aPAR$b015602283$lBLL01$nAnnual review (Print)$mAnnual review (Online)$r776
=LAS  \\$aW1711-1005$b00$c20171205$lBLL01$h2212

