=LDR  01139 as a22003738a 4500
=001  016198833
=003  Uk
=005  20150306115634.0
=006  m\\\\\\\\d\|\\\\\\
=007  cr||||||||||||
=008  121030u2013uuuuenkbr\p\o\\\\\0\\\a0eng\\
=FMT  \\$a  SE
=022  0\$a2051-5944$202
=040  \\$aUk$beng$cUk$dUk
=222  \0$aRetrocult
=245  00$aRetrocult$h[electronic resource].
=246  3\$aRetro cult
=260  \\$aWarrington :$bRJTR Publishing
=263  \\$a201310
=310  \\$aBimonthly
=336  \\$atext$2rdacontent
=337  \\$acomputer$2rdamedia
=338  \\$aonline resource$2rdacarrier
=859  \\$aELD$bejournal
=852  41$aBritish Library$bHMNTS$jELD Digital store$3Issue 1(2013:Nov.)
=CAT  \\$a10973$b40$c20121030$lBLL01$h1523
=CAT  \\$a11130$b40$c20130404$lBLL01$h1217
=CAT  \\$aBATCH-859E$c20140107$lBLL01$h0310
=CAT  \\$aWR14_072$c20140608$lBLL01$h1432
=CAT  \\$a8201$b40$c20150306$lBLL01$h1156
=CAT  \\$aWR15_120$c20150910$lBLL01$h1827
=CAT  \\$aW1711-1005$c20171206$lBLL01$h1825
=LET  \0$aRetrocult (Electronic)
=LAS  \\$aW1711-1005$b00$c20171206$lBLL01$h1825

