=LDR  01871cas a2200457 a 4500
=001  016211573
=003  Uk
=005  20150319160012.0
=006  m\\\\\\\\d\|\\\\\\
=007  cr||||||||||||
=008  121114c200u9999stkar\\\o\\\\\0\\\a0eng\\
=FMT  \\$a  SE
=015  \\$aGBB2B5728$2bnb
=040  \\$aUk$beng$cUk
=042  \\$aukblsr
=082  04$a333.783094124$223
=110  2\$aCairngorms National Park Authority.
=240  10$aAnnual report and accounts (Online)
=245  10$aAnnual report and accounts$h[electronic resource] /$cCairngorms National Park Authority.
=260  \\$aGrantown-on-Spey :$bCairngorms National Park Authority
=310  \\$aAnnual
=336  \\$atext$2rdacontent
=337  \\$acomputer$2rdamedia
=338  \\$aonline resource$2rdacarrier
=538  \\$aMode of access: World Wide Web.
=538  \\$aSystem requirements: Adobe Acrobat Reader.
=588  \\$aDescription based on: 2004/2005 issue; title from PDF cover page (publisher's Web site, viewed Nov.14, 2012).
=588  \\$aLatest issue consulted: 2011/2012 issue.
=610  20$aCairngorms National Park Authority$vPeriodicals.
=651  \0$aCairngorms National Park (Scotland)$vPeriodicals.
=776  08$iPrint version, -2009/10 :$aCairngorms National Park Authority.$tAnnual report and accounts
=859  \\$aELD$bejournal
=852  41$aBritish Library$bHMNTS$jELD Digital store$3(2013/2014)-
=CAT  \\$a5997$b40$c20121114$lBLL01$h0920
=CAT  \\$a10902$b40$c20150319$lBLL01$h1600
=CAT  \\$aWR15_120$c20150910$lBLL01$h1827
=CAT  \\$aW1711-1005$c20171206$lBLL01$h1825
=FIN  \\$aY$d20121114
=LET  \0$aAnnual report and accounts - Cairngorms National Park Authority (Electronic)
=LKR  \\$aPAR$b013809774$lBLL01$nAnnual report and accounts (Print)$mAnnual report and accounts (Online)$r776
=LAS  \\$aW1711-1005$b00$c20171206$lBLL01$h1825

