=LDR  01798 as a2200469 a 4500
=001  014630418
=003  Uk
=005  20130419120413.0
=006  m\\\\\\\\d\|\\\\\\
=007  cr||||||||||||
=008  080530c200u9999enkuu\p\s\\\\\0\\\a0eng\\
=FMT  \\$a  SE
=040  \\$aUk$beng$cUk
=042  \\$aukblsr
=245  00$aELCAP news$h[electronic resource].
=246  1\$iemail subject line title:$aELCAP e-newsletter
=246  3\$aEast Lancashire Community Action Project news
=260  \\$aNelson :$bEast Lancashire Community Action Project
=336  \\$atext$2rdacontent
=337  \\$acomputer$2rdamedia
=338  \\$aonline resource$2rdacarrier
=538  \\$aMode of access: email.
=538  \\$aSystem requirements: Adobe Acrobat Reader.
=500  \\$aDescription based on: Vol. 1, issue 2 (Apr. 2008); title from PDF t.p. (email, sent 03/04/2008).
=610  20$aEast Lancashire Community Action Project$vPeriodicals.
=650  \0$aLocal mass media$zEngland$zLancashire$vPeriodicals.
=650  \0$aCommunity radio$zEngland$zLancashire$vPeriodicals.
=710  2\$aEast Lancashire Community Action Project.
=859  \\$aELD$bejournal
=852  41$aBritish Library$bHMNTS$jELD Digital store$3Volume 1:Issue 23(2013:Apr.)-Volume 1:Issue 36(2017:Jan.)
=CAT  \\$a3072$b40$c20080530$lBLL01$h1631
=CAT  \\$a3072$b40$c20080530$lBLL01$h1635
=CAT  \\$a3072$b40$c20080530$lBLL01$h1640
=CAT  \\$a7332$b40$c20080612$lBLL01$h1313
=CAT  \\$a11433$b40$c20130419$lBLL01$h1204
=CAT  \\$aWR13.114$c20130717$lBLL01$h1314
=CAT  \\$aWR14_072$c20140608$lBLL01$h1426
=CAT  \\$aWR15_120$c20150910$lBLL01$h1825
=CAT  \\$aW1711-1005$c20171205$lBLL01$h2211
=FIN  \\$aY$d20080530
=TCO  \\$aCLA$bCLA$c008
=LAS  \\$aW1711-1005$b00$c20171205$lBLL01$h2211

