=LDR  02416cas a2200541 a 4500
=001  014825124
=003  Uk
=005  20190125121432.0
=006  m\\\\\\\\d\|\\\\\\
=007  cr||||||||||||
=008  081119c200u9999enkar\\\s\\\\\0\\\a0eng\\
=FMT  \\$a  SE
=040  \\$aUk$beng$cUk
=042  \\$aukblsr
=110  2\$aChartered Institute of Marketing.
=240  10$aReport and financial statements (Chartered Institute of Marketing : Online)
=245  10$aReport and financial statements$h[electronic resource] :$bfor the year ended 30th June /$cThe Chartered Institute of Marketing and its subsidiary companies.
=246  1\$iWeb site variant:$aAnnual report and accounts
=246  1\$iWeb site variant:$aReport and financial accounts
=260  \\$aMaidenhead :$bChartered Institute of Marketing
=336  \\$atext$2rdacontent
=337  \\$acomputer$2rdamedia
=338  \\$aonline resource$2rdacarrier
=538  \\$aMode of access: World Wide Web.
=538  \\$aSystem requirements: Adobe Acrobat Reader.
=580  \\$aTo Year ended 30 June 2007 also issued in print format.
=500  \\$aDescription based on: Year ended 30 June 2004 issue; title from PDF t.p. (publisher's Web site, viewed on Nov. 12).
=500  \\$aLatest issue consulted: Year ended 30 June 2008.
=610  20$aChartered Institute of Marketing$xFinance$vPeriodicals.
=610  20$aChartered Institute of Marketing$vPeriodicals.
=780  10$aChartered Institute of Marketing.$sReport and financial statements (Chartered Institute of Marketing)
=787  0\$aChartered Institute of Marketing.$tAnnual review
=859  \\$aELD$bejournal
=852  41$aBritish Library$bHMNTS$jELD Digital store$3(2012/2013)-
=CAT  \\$a3072$b40$c20081119$lBLL01$h1134
=CAT  \\$a3072$b40$c20081119$lBLL01$h1136
=CAT  \\$a6790$b40$c20140106$lBLL01$h1413
=CAT  \\$aBATCH-859E$c20140107$lBLL01$h0310
=CAT  \\$aWR14_072$c20140608$lBLL01$h1426
=CAT  \\$aBATCH-UPD$b00$c20141012$lBLL01$h1157
=CAT  \\$aBATCH-UPD$b00$c20141107$lBLL01$h1229
=CAT  \\$aWR15_120$c20150910$lBLL01$h1825
=CAT  \\$aW1711-1005$c20171206$lBLL01$h1821
=CAT  \\$a8483$b40$c20190125$lBLL01$h1214
=FIN  \\$aY$d20081119
=LKR  \\$aPAR$b007896251$lBLL01$r78010$mReport and financial statements (Online)$nReport and financial statements (Print)
=TCO  \\$aCLA$bCLA$c008
=LAS  \\$a8483$b40$c20190125$lBLL01$h1214

