=LDR  02385cas a2200613 a 4500
=001  014935014
=003  Uk
=005  20130509104021.0
=006  m\\\\\\\\d\|\\\\\\
=007  cr||||||||||||
=008  090320c20019999enkqr\p\s\\\\\0\\\a0eng\\
=FMT  \\$a  SE
=015  \\$aGBA929404$2bnb
=040  \\$aUk$beng$cUk
=042  \\$aukblsr
=082  04$a332.75$222
=130  0\$aOutlook (Financial Services Compensation Scheme : Online)
=245  10$aOutlook$h[electronic resource] :$bthe newsletter for the Financial Services Compensation Scheme.
=260  \\$aLondon :$bFSCS,$c2001-
=310  \\$aQuarterly,$b2005-
=321  \\$aIrregular,$b2001-2004
=336  \\$atext$2rdacontent
=337  \\$acomputer$2rdamedia
=338  \\$aonline resource$2rdacarrier
=362  0\$aIssue 1 (Nov. 2001)-
=538  \\$aMode of access: World Wide Web.
=538  \\$aSystem requirements: Adobe Acrobat Reader.
=580  \\$aTo issue 17 (1 July 2007) also issued in print format; beginning with issue 18 (Dec. 07) issued online only.
=500  \\$aSubtitle varies.
=500  \\$aTitle from PDF caption (publisher's Web site, viewed on Mar. 20, 2009).
=500  \\$aLatest issue consulted: Issue 20 (July 08).
=650  \0$aFinancial services industry$zGreat Britain$vPeriodicals.
=650  \0$aDefault (Finance)$zGreat Britain$vPeriodicals.
=610  20$aFinancial Services Compensation Scheme$vPeriodicals.
=690  7\$aManagement and Business Studies$2blcoll
=710  2\$aFinancial Services Compensation Scheme.
=780  10$tOutlook (Financial Services Compensation Scheme)
=859  \\$aELD$bejournal
=852  41$aBritish Library$bHMNTS$jELD Digital store$3(2013:Apr.)-
=CAT  \\$a3072$b40$c20090320$lBLL01$h1422
=CAT  \\$a3072$b40$c20090320$lBLL01$h1424
=CAT  \\$a3072$b40$c20090320$lBLL01$h1436
=CAT  \\$a8311$b40$c20130509$lBLL01$h1040
=CAT  \\$aBATCH-MBS$c20130517$lBLL01$h2116
=CAT  \\$aWR13.114$c20130717$lBLL01$h1314
=CAT  \\$aWR14_072$c20140608$lBLL01$h1426
=CAT  \\$aWR14_140$c20140905$lBLL01$h1822
=CAT  \\$aWR15_120$c20150910$lBLL01$h1825
=CAT  \\$aW1711-1005$c20171206$lBLL01$h1821
=FIN  \\$aY$d20090320
=LET  \0$aOutlook (Online)
=LKR  \\$aPAR$b007212918$lBLL01$r78010$mOutlook (Online)$nOutlook (Print)
=TCO  \\$aCLA$bCLA$c008
=LAS  \\$aW1711-1005$b00$c20171206$lBLL01$h1821

