=LDR  01749cas a2200469 i 4500
=001  020662019
=003  Uk
=005  20220629081818.0
=006  m\\\\\|\\d\|\\\\\\
=007  cr\|||||||||||
=008  220629c20159999enkmr\p\o\\\\\0\\\a0eng\\
=FMT  \\$a  SE
=040  \\$aUk$beng$cUk$erda
=042  \\$aukblsr
=082  04$a283.42561$223
=110  2\$aSt. James' Church (Biddenham, England)
=245  10$aIn the loop.
=246  1\$iIssues <February 2018>- have title:$aLoop
=264  \1$aBiddenham :$bSt James Church,$c2015-
=300  \\$billustrations (black and white, and colour)
=310  \\$aMonthly
=336  \\$atext$2rdacontent
=337  \\$acomputer$2rdamedia
=338  \\$aonline resource$2rdacarrier
=362  1\$aPrint began with March 2015.
=588  \\$aDescription based on: Print version record.
=588  \\$aLatest issue consulted: June 2022.
=580  \\$aPrint continues: St. James' Church (Biddenham, England). Biddenham bulletin.
=610  20$aSt. James' Church (Biddenham, England)$vPeriodicals.
=650  \0$aCommunity life$zEngland$zBiddenham$vPeriodicals.
=650  \0$aChristian life$zEngland$zBiddenham$vPeriodicals.
=776  08$iAlso issued in print as:$tIn the loop
=859  \\$aELD$bejournal
=852  41$aBritish Library$bHMNTS$jELD Digital store$3(2021/2022:Dec./Jan.)-
=985  \\$aJune 2022 viewed as supplied PDF. February 2022 viewed as PDF on publisher's website
=985  \\$aWFH record (CS) 2022
=CAT  \\$a8124$b40$c20220629$lBLL01$h0816
=CAT  \\$a8124$b40$c20220629$lBLL01$h0818
=FIN  \\$aY$d20220629
=LET  \4$aThe loop (Electronic)
=LKR  \\$aPAR$b017359527$lBLL01$r776$mIn the loop (Online)$nIn the loop (Print)
=LAS  \\$a8124$b40$c20220629$lBLL01$h0818

