=LDR  01624cas a2200409 i 4500
=001  020675198
=003  Uk
=005  20220805220454.0
=007  cr\|||||||||||
=008  220712c202u9999enkfr\\\\s\\\\0\\\a0eng\\
=FMT  \\$a  SE
=040  \\$aUk$beng$cUk$erda
=042  \\$aukblsr
=082  04$a331.2816584220941021$223
=245  00$aMeis directors' survey.$pNon-executive directors :$ball share index : FTSE All Share (FTSE 100, 250, Small Cap).
=246  30$aNon-executive directors
=264  \1$a[Woking] :$bTBP2
=300  \\$billustrations (colour)
=310  \\$aSemiannual
=336  \\$atext$2rdacontent
=337  \\$acomputer$2rdamedia
=338  \\$aonline resource$2rdacarrier
=588  \\$aDescription based on: autumn 2021; title from PDF cover [supplied by publisher].
=588  \\$aLatest issue consulted: spring 2022, viewed July 12, 2022.
=650  \0$aOutside directors of corporations$xSalaries, etc.$zGreat Britain.$vStatistics$vPeriodicals.
=690  7\$aManagement and Business Studies$2blcoll
=710  2\$aTBP2 (Firm),$eresearcher.
=780  01$tMeis directors' survey
=859  \\$aELD$bejournal
=852  41$aBritish Library$bHMNTS$jELD Digital store$3(2021:Spring)-
=CAT  \\$a8483$b40$c20220712$lBLL01$h1154
=CAT  \\$a8483$b40$c20220712$lBLL01$h1155
=CAT  \\$aBATCH-MBS$c20220805$lBLL01$h2204
=FIN  \\$aY$d20220712
=LET  \0$aMeis directors' survey. Non-executive directors (Electronic)
=LKR  \\$aPAR$b020675117$lBLL01$r78001$mMeis directors' survey. Non-executive directors$nMeis directors' survey : all share
=LAS  \\$aBATCH-MBS$b00$c20220805$lBLL01$h2204

