=LDR  02497cas a2200517 i 4500
=001  020679458
=003  Uk
=005  20220722214138.0
=007  cr\|||||||||||
=008  220713c20229999enker\\\\s\\\o0\\\a0eng\\
=FMT  \\$a  SE
=015  \\$aGBC2C4889$2bnb
=040  \\$aUk$beng$cUk$erda
=042  \\$aukblsr
=082  04$a339.40941$223
=245  00$aPublic opinions and social trends, Great Britain.
=264  \1$a[London] :$bOffice for National Statistics
=300  \\$billustrations (colour)
=310  \\$aFortnightly
=336  \\$atext$2rdacontent
=337  \\$acomputer$2rdamedia
=338  \\$aonline resource$2rdacarrier
=362  0\$a30 March to 24 April 2022-
=490  1\$aStatistical bulletin
=500  \\$aTitle from PDF caption (ONS website, viewed July 13, 2022).
=588  \\$aLatest issue consulted: 22 June to 3 July 2022, viewed July 13, 2022.
=500  \\$a"Social insights on daily life and events, including impacts on health and well-being, the cost of living, and goods shortages from the Opinions and Lifestyle Survey (OPN)".
=650  \0$aQuality of life$zGreat Britain$xPublic opinion$zStatistics$vPeriodicals.
=650  \0$aQuality of life$zGreat Britain$zStatistics$vPeriodicals.
=650  \0$aHouseholds$zGreat Britain$xEconomic aspects$vPeriodicals.
=650  \0$aWell-being$vStatistics$vPeriodicals.
=650  \0$aHousehold surveys$zGreat Britain$vPeriodicals.
=650  \0$aSocial surveys$zGreat Britain$vPeriodicals.
=690  7\$aManagement and Business Studies$2blcoll
=710  1\$aGreat Britain.$bOffice for National Statistics,$eissuing body.
=780  00$tCoronavirus and the social impacts on Great Britain
=830  \0$aStatistical bulletin (Great Britain. Office for National Statistical)
=859  \\$aELD$bejournal
=852  41$aBritish Library$bHMNTS$jELD Digital store$3(2022:Apr. 29)-
=985  \\$aStatement on first issue that this was previously released as "Coronavirus and the social impacts on Great Britain". The coverage has widened to well-being in general, but still has a Covid attitude element (ED 13.7.2022).
=CAT  \\$a8483$b40$c20220713$lBLL01$h1251
=CAT  \\$aBATCH-MBS$c20220722$lBLL01$h2141
=FIN  \\$aY$d20220713
=LET  \0$aPublic opinions and social trends, Great Britain (Electronic)
=LKR  \\$aPAR$b019900280$lBLL01$r78000$mPublic opinions and social trends, Great Britain.$nCoronavirus and the social impacts on Great Britain.
=LAS  \\$aBATCH-MBS$b00$c20220722$lBLL01$h2141

