=LDR  00809cas a22002655i 4500
=001  020694129
=003  Uk
=005  20220729114049.0
=006  m\\\\\|\\d\|\\\\\\
=007  cr\|||||||||||
=008  220729c\\\\9999\\\\\\p\o\\\\\0\\\a0eng\\
=FMT  \\$a  SE
=022  \\$a2771-1625
=037  \\$aISSN_26894181_90$bPortico$nLiverpool University Press
=245  00$aTS Eliot Studies Annual
=264  \1$bLiverpool University Press
=336  \\$atext$2rdacontent
=337  \\$acomputer$2rdamedia
=338  \\$aonline resource$2rdacarrier
=859  \\$aELD$bejournal
=852  41$aBritish Library$bHMNTS$jELD Digital store$3Volume 1:Issue 1(2017)-
=985  \\$aELD accessioning record awaiting upgrade
=CAT  \\$a14586$b40$c20220729$lBLL01$h1140
=MNI  \\$a2689-4181
=LAS  \\$a14586$b40$c20220729$lBLL01$h1140

