=LDR  00855cas a22002775i 4500
=001  020694177
=003  Uk
=005  20220729124426.0
=006  m\\\\\|\\d\|\\\\\\
=007  cr\|||||||||||
=008  220729c\\\\9999\\\\\\p\o\\\\\0\\\a0eng\\
=FMT  \\$a  SE
=022  \\$a2770-579X
=037  \\$aISSN_27705781_21$bPortico$nTaylor & Francis
=245  00$aClinical and Investigative Orthodontics
=264  \1$bTaylor & Francis
=336  \\$atext$2rdacontent
=337  \\$acomputer$2rdamedia
=338  \\$aonline resource$2rdacarrier
=859  \\$aELD$bejournal
=852  41$aBritish Library$bHMNTS$jELD Digital store$3Volume 81:Issue 1(2022)-
=985  \\$aELD accessioning record awaiting upgrade
=CAT  \\$a14586$b40$c20220729$lBLL01$h1242
=CAT  \\$a14586$b40$c20220729$lBLL01$h1244
=MNI  \\$a2770-5781
=LAS  \\$a14586$b40$c20220729$lBLL01$h1244

