=LDR  01541cas a2200433 i 4500
=001  020717748
=003  Uk
=005  20220826221134.0
=006  m\\\\\|\\d\|\\\\\\
=007  cr\|||||||||||
=008  220817c201u9999enkar\\\o\\\\\0\\\a0eng\\
=FMT  \\$a  SE
=015  \\$aGBC2E7167$2bnb
=040  \\$aUk$beng$cUk$erda
=042  \\$aukblsr
=082  04$a362.106810942$223
=245  00$aNational tariff payment system /$cNHS England.
=264  \1$aLondon :$bNHS England
=264  31$aLondon :$bNHS England and NHS Improvement
=310  \\$aAnnual
=336  \\$atext$2rdacontent
=337  \\$acomputer$2rdamedia
=338  \\$aonline resource$2rdacarrier
=588  \\$aDescription based on: 2014/2015 issue ; title from PDF cover (GOV.UK, viewed August 17, 2022).
=588  \\$aLatest issue consulted: 2022/2023 (viewed August 17, 2022).
=650  \0$aHealth services administration$zGreat Britain$vPeriodicals.
=650  \0$aMedical care$xPrices$zGreat Britain$vPeriodicals.
=690  7\$aSocial Welfare$2blcoll
=710  2\$aNHS England,$eissuing body.
=710  2\$aMonitor (Agency : Great Britain),$eissuing body.
=710  2\$aNHS Improvement,$eissuing body.
=859  \\$aELD$bejournal
=852  41$aBritish Library$bHMNTS$jELD Digital store$3(2021/2022)-
=985  \\$aWFH record (CS) 2022
=CAT  \\$a8124$b40$c20220817$lBLL01$h1132
=CAT  \\$aBATCH-SWP$c20220826$lBLL01$h2211
=FIN  \\$aY$d20220817
=LET  \0$aNational tariff payment system (Electronic)
=LAS  \\$aBATCH-SWP$b00$c20220826$lBLL01$h2211

