=LDR  01339cas a2200397 i 4500
=001  020726487
=003  Uk
=005  20220825120029.0
=007  cr\|||||||||||
=008  220825c18679999enkar\p\\\\\\\0\\\a0eng\\
=FMT  \\$a  SE
=040  \\$aUk$beng$cUk$erda
=042  \\$aukblsr
=082  04$a373.2220942485$223
=130  0\$aMeteor (Rugby, England)
=245  14$aThe Meteor.
=264  \1$aRugby :$b[Rugby School]
=300  \\$billustrations (black and white, and colour)
=310  \\$aAnnual
=336  \\$atext$2rdacontent
=337  \\$acomputer$2rdamedia
=338  \\$aonline resource$2rdacarrier
=362  1\$aPrint began in 1867.
=588  \\$aDescription based on print version record.
=588  \\$aLatest issue consulted: 2020 (Rugby School website, viewed August 25, 2022).
=500  \\$a"A magazine edited by members of Rugby School."
=610  20$aRugby School$vPeriodicals.
=710  2\$aRugby School.
=776  08$iAlso issued in print as:$tMeteor (Rugby, England)
=859  \\$aELD$bejournal
=852  41$aBritish Library$bHMNTS$jELD Digital store$3(2021)-
=CAT  \\$a8483$b40$c20220825$lBLL01$h1200
=FIN  \\$aY$d20220825
=LET  \4$aThe Meteor - Rugby School (Electronic)
=LKR  \\$aPAR$b011760482$lBLL01$r776$mThe Meteor (Online)$nThe Meteor (Print)
=LAS  \\$a8483$b40$c20220825$lBLL01$h1200

