=LDR  00871cas a22002775i 4500
=001  020740514
=003  Uk
=005  20230421091311.0
=006  m\\\\\|\\d\|\\\\\\
=007  cr\|||||||||||
=008  220907c\\\\9999\\\\\\p\o\\\\\0\\\a0eng\\
=FMT  \\$a  SE
=022  \\$a1538-4365
=037  \\$a???$bPortico$nInstitute of Physics Publishing
=245  00$aThe Astrophysical journal. Supplement series
=264  \1$bInstitute of Physics Publishing
=336  \\$atext$2rdacontent
=337  \\$acomputer$2rdamedia
=338  \\$aonline resource$2rdacarrier
=859  \\$aELD$bejournal
=852  41$aBritish Library$bSTI$jELD Digital store$3Content not received
=985  \\$aELD accessioning record awaiting upgrade
=CAT  \\$a15190$b40$c20220907$lBLL01$h0926
=CAT  \\$a15020$b40$c20230421$lBLL01$h0913
=MNI  \\$a0067-0049
=LAS  \\$a15020$b40$c20230421$lBLL01$h0913

