=LDR  00863cas a22002775i 4500
=001  020761005
=003  Uk
=005  20220929095843.0
=006  m\\\\\|\\d\|\\\\\\
=007  cr\|||||||||||
=008  220929c\\\\9999\\\\\\p\o\\\\\0\\\a0eng\\
=FMT  \\$a  SE
=022  \\$a2770-338X
=037  \\$aISSN_27703371_21$bPortico$nTaylor & Francis
=245  00$aLGBTQ+ Family :$bAn Interdisciplinary Journal.
=264  \1$bTaylor & Francis.
=336  \\$atext$2rdacontent
=337  \\$acomputer$2rdamedia
=338  \\$aonline resource$2rdacarrier
=859  \\$aELD$bejournal
=852  41$aBritish Library$bHMNTS$jELD Digital store$3Volume 18:Issue 1(2022)-
=985  \\$aELD accessioning record awaiting upgrade
=CAT  \\$a11450$b40$c20220929$lBLL01$h0957
=CAT  \\$a11450$b40$c20220929$lBLL01$h0958
=MNI  \\$a2770-3371
=LAS  \\$a11450$b40$c20220929$lBLL01$h0958

