=LDR  01747cas a2200433 i 4500
=001  020768023
=003  Uk
=005  20221005140122.0
=006  m\\\\\|\\d\|\\\\\\
=007  cr\|||||||||||
=008  221005c20uu9999enkar\p\o\\\\\0\\\a0eng\\
=FMT  \\$a  SE
=015  \\$aGBC2H8477$2bnb
=040  \\$aUk$beng$cUk$erda
=042  \\$aukblsr
=082  04$a671.20941$223
=110  2\$aInstitute of Cast Metals Engineers.
=240  10$aAnnual report (Institute of Cast Metals Engineers : 2010)
=245  10$aAnnual report ... /$cInstitute of Cast Metals Engineers.
=246  13$aICME annual report
=264  \1$aWest Bromwich :$bICME
=310  \\$aAnnual
=336  \\$atext$2rdacontent
=337  \\$acomputer$2rdamedia
=338  \\$aonline resource$2rdacarrier
=580  \\$aOriginal print title preceded by earlier title: Annual report / Annual accounts.
=588  \\$aDescription based on print version record.
=588  \\$aLatest issue consulted: 2021/2022 supplied by publisher.
=610  20$aInstitute of Cast Metals Engineers$vPeriodicals.
=610  20$aInstitute of Cast Metals Engineers$xFinance$vPeriodicals.
=776  08$iAlso issued in print as:$aInstitute of Cast Metals Engineers.$sAnnual report (Institute of Cast Metals Engineers : 2010)
=859  \\$aELD$bejournal
=852  41$aBritish Library$bHMNTS$jELD Digital store$3(2021/2022)-
=CAT  \\$a8483$b40$c20221005$lBLL01$h1359
=CAT  \\$a8483$b40$c20221005$lBLL01$h1401
=FIN  \\$aY$d20221005
=LET  \0$aICME annual report (Electronic)
=LKR  \\$aPAR$b015787233$lBLL01$r776$mAnnual report ... / Institute of Cast Metals Engineers (Online)$nAnnual report ... / Institute of Cast Metals Engineers (Print)
=LAS  \\$a8483$b40$c20221005$lBLL01$h1401

