=LDR  01952cas a2200457 i 4500
=001  020788456
=003  Uk
=005  20221027143351.0
=006  m\\\\\|\\d\|\\\\\\
=007  cr\|||||||||||
=008  221026c20189999enkar\\\o\s\\o0\\\a0eng\\
=FMT  \\$a  SE
=015  \\$aGBC2J0758$2bnb
=040  \\$aUk$beng$cUk$erda
=042  \\$aukblsr
=082  04$a614.547094281021$223
=245  00$aSpotlight on sexually transmitted infections in Yorkshire and Humber.
=246  1\$iAt head of web page :$aSexually transmitted infections :$bYorkshire and Humber data
=264  \1$aLondon :$bPublic Health England,$c2019-
=264  31$a[London] :$bUK Health Security Agency
=300  \\$billustrations (colour); maps (colour)
=310  \\$aAnnual
=336  \\$atext$2rdacontent
=337  \\$acomputer$2rdamedia
=338  \\$aonline resource$2rdacarrier
=362  0\$a2018 data-
=500  \\$aTitle from PDF cover (National Archives, viewed October 24, 2022).
=588  \\$aLatest issue consulted: 2020 data (GOV.UK, viewed October 26, 2022).
=650  \0$aSexually transmitted diseases$zEngland$zYorkshire$vStatistics$vPeriodicals.
=650  \0$aSexually transmitted diseases$zEngland$zNorth Lincolnshire$vStatistics$vPeriodicals.
=650  \0$aSexually transmitted diseases$zEngland$zNorth East Lincolnshire$vStatistics$vPeriodicals.
=710  2\$aPublic Health England,$eissuing body.
=710  2\$aUK Health Security Agency,$eissuing body.
=859  \\$aELD$bejournal
=852  41$aBritish Library$bHMNTS$jELD Digital store$3(2018)-
=985  \\$aAgreed with Jennie to take these regional reports as PDFs - this one has 2018+ 2020 on web page. Maybe Covid delay with 2019 one.
=CAT  \\$a3072$b40$c20221026$lBLL01$h1625
=CAT  \\$a3072$b40$c20221027$lBLL01$h1433
=FIN  \\$aY$d20221027
=LET  \0$aSpotlight on sexually transmitted infections in Yorkshire and Humber (Electronic)
=LAS  \\$a3072$b40$c20221027$lBLL01$h1433

