=LDR  01119cas a22003258i 4500
=001  020799219
=003  Uk
=005  20230810144718.0
=006  m\\\\\\\\d\|\\\\\\
=007  cr||||||||||||
=008  221107c20239999enkqr\j\o\\\\\0\\\a0eng\\
=FMT  \\$a  SE
=022  0\$a2753-5932$202
=037  \\$aISSN_27535924_486$bPortico$nMark Allen Group
=040  \\$aUk$beng$cUk$erda
=222  \0$aInternational journal for advancing practice$b(Online)
=245  00$aInternational journal for advancing practice.
=263  \\$a202304
=264  \1$aLondon :$bMA Healthcare Ltd
=310  \\$aQuarterly
=336  \\$atext$2rdacontent
=337  \\$acomputer$2rdamedia
=338  \\$aonline resource$2rdacarrier
=776  08$iAlso issued in print as:$tInternational journal for advancing practice$x2753-5924
=859  \\$aELD$bejournal
=852  41$aBritish Library$bHMNTS$jELD Digital store$3Volume 1:Number 0(2023)-
=CAT  \\$a10806$b40$c20221107$lBLL01$h1008
=CAT  \\$a15190$b40$c20230810$lBLL01$h1447
=LET  \0$aInternational journal for advancing practice (Electronic)
=LAS  \\$a15190$b40$c20230810$lBLL01$h1447

