=LDR  01171cas a22003498i 4500
=001  020663270
=003  Uk
=005  20230114102219.0
=006  m\\\\\\\\d\|\\\\\\
=007  cr||||||||||||
=008  220701c20239999enkqr\p\o\\\\\0\\\a0eng\\
=FMT  \\$a  SE
=022  0\$a2753-7617$202
=037  \\$a???$bInderscience
=040  \\$aUk$beng$cUk$erda
=222  \0$aInternational journal of the energy-growth nexus$b(Online)
=245  00$aInternational journal of the energy-growth nexus.
=263  \\$a202306
=264  \1$aOlney :$bInderscience Enterprises Limited
=310  \\$aQuarterly
=336  \\$atext$2rdacontent
=337  \\$acomputer$2rdamedia
=338  \\$aonline resource$2rdacarrier
=776  08$iAlso issued in print as:$tInternational journal of the energy-growth nexus$x2753-7609
=859  \\$aELD$bejournal
=852  41$aBritish Library$bHMNTS$jELD Digital store
=CAT  \\$a10806$b40$c20220701$lBLL01$h1419
=CAT  \\$a10983$b40$c20230114$lBLL01$h0841
=CAT  \\$a10983$b40$c20230114$lBLL01$h1022
=LET  \0$aInternational journal of the energy-growth nexus (Electronic)
=MNI  \\$a2753-7609
=LAS  \\$a10983$b40$c20230114$lBLL01$h1022

