=LDR  01670cas a2200421 i 4500
=001  020806797
=003  Uk
=005  20221118221234.0
=007  cr\|||||||||||
=008  221115c20uu9999enkuu\\\o\\\\\0\\\a0eng\\
=FMT  \\$a  SE
=040  \\$aUk$beng$cUk$erda
=042  \\$aukblsr
=082  04$a333.33875$223
=245  00$aUK logistics leasing figures.
=246  3\$aUnited Kingdom logistics leasing figures
=264  \1$a[Leeds] :$bCBRE
=300  \\$billustrations (colour)
=336  \\$atext$2rdacontent
=337  \\$acomputer$2rdamedia
=338  \\$aonline resource$2rdacarrier
=588  \\$aDescription based on: 2022/Q3 title from PDF caption (CBRE website, viewed November 15, 2022).
=650  \0$aCommercial real estate$xRents$zGreat Britain$vStatistics$vPeriodicals.
=650  \7$aCommercial real estate.$2fast$0(OCoLC)fst00869631
=650  \7$aRent.$2fast$0(OCoLC)fst01094658
=655  \7$aStatistics.$2fast$0(OCoLC)fst01423727
=655  \7$aPeriodicals.$2fast$0(OCoLC)fst01411641
=690  7\$aManagement and Business Studies$2blcoll
=710  2\$aCB Richard Ellis,$eissuing body.
=859  \\$aELD$bejournal
=852  41$aBritish Library$bHMNTS$jELD Digital store$3Quarter 3(2022)-
=985  \\$aA single page PDF with some statistics and graphs. No sign anywhere on the website or internet of any other Quarters with this title at time of cataloguing (ED 15.11.2022).
=CAT  \\$a8483$b40$c20221115$lBLL01$h1152
=CAT  \\$a8483$b40$c20221117$lBLL01$h1537
=CAT  \\$aBATCH-MBS$c20221118$lBLL01$h2212
=FIN  \\$aY$d20221115
=LET  \0$aUK logistics leasing figures (Electronic)
=LAS  \\$aBATCH-MBS$b00$c20221118$lBLL01$h2212

