=LDR  01101cas a22003258i 4500
=001  020811869
=003  Uk
=005  20230831162730.0
=006  m\\\\\\\\d\|\\\\\\
=007  cr||||||||||||
=008  221118c20239999cau\x\p\o\\\\\0\\\a0eng\\
=FMT  \\$a  SE
=022  0\$a2755-323X$202
=037  \\$a???$bSage (UK) Ltd
=040  \\$aUk$beng$cUk$erda
=222  \0$aJournal of law and empirical analysis
=245  00$aJournal of law and empirical analysis.
=263  \\$a202309
=264  \1$aThousand Oaks :$bSAGE Publishing
=336  \\$atext$2rdacontent
=337  \\$acomputer$2rdamedia
=338  \\$aonline resource$2rdacarrier
=859  \\$aELD$bejournal
=852  41$aBritish Library$bHMNTS$jELD Digital store
=985  \\$aISSN UK Centre: provisional publication date updated to Sept. 2023 as second/duplicate application rec'd 11.1.23. DLW.
=CAT  \\$a11313$b40$c20221118$lBLL01$h1429
=CAT  \\$a10973$b40$c20230113$lBLL01$h1347
=CAT  \\$a15731$b40$c20230831$lBLL01$h1627
=LET  \0$aJournal of law and empirical analysis (Electronic)
=LAS  \\$a15731$b40$c20230831$lBLL01$h1627

