=LDR  00776cas a22002535i 4500
=001  020811919
=003  Uk
=005  20221118170042.0
=006  m\\\\\|\\d\|\\\\\\
=007  cr\|||||||||||
=008  221118c\\\\9999\\\\\\p\o\\\\\0\\\a0eng\\
=FMT  \\$a  SE
=022  \\$a1958-5969
=037  \\$aISSN_19585969_21$bPortico$nTaylor & Francis
=245  00$aDialogues in Clinical Neuroscience:
=264  \1$bTaylor & Francis
=336  \\$atext$2rdacontent
=337  \\$acomputer$2rdamedia
=338  \\$aonline resource$2rdacarrier
=859  \\$aELD$bejournal
=852  41$aBritish Library$bHMNTS$jELD Digital store$3Volume 18:Issue 1(2016)-
=985  \\$aELD accessioning record awaiting upgrade
=CAT  \\$a10983$b40$c20221118$lBLL01$h1700
=LAS  \\$a10983$b40$c20221118$lBLL01$h1700

