=LDR  01357cas a2200409 i 4500
=001  020815945
=003  Uk
=005  20221201145741.0
=006  m\\\\\|\\d\|\\\\\\
=007  cr\|||||||||||
=008  221122c19uu9999dk\ar\\\o\\\\\0\\\a0eng\\
=FMT  \\$a  SE
=040  \\$aUk$beng$cUk$dUk$erda
=042  \\$aukblsr
=082  04$a387.245$223
=110  2\$aTorm (Firm),$eauthor.
=245  10$aAnnual report /$cTORM.
=264  \1$aCopenhagen :$bTORM
=300  \\$billustrations (colour), maps (colour)
=310  \\$aAnnual
=336  \\$atext$2rdacontent
=337  \\$acomputer$2rdamedia
=338  \\$aonline resource$2rdacarrier
=588  \\$aDescription based on: 2003 issue ; title from PDF cover (publisher's website, viewed November 22, 2022).
=588  \\$aLatest issue consulted: 2021 (viewed November 22, 2022).
=610  27$aTorm (Firm)$2fast
=655  \7$aPeriodicals.$2fast$0(OCoLC)fst01411641
=655  \7$aAnnual reports.$2fast$0(OCoLC)fst01919893
=859  \\$aELD$bejournal
=852  41$aBritish Library$bHMNTS$jELD Digital store$3(2003)-
=985  \\$aWFH record (CS) 2022
=CAT  \\$a8124$b40$c20221122$lBLL01$h0945
=CAT  \\$a8124$b40$c20221201$lBLL01$h1455
=CAT  \\$a8124$b40$c20221201$lBLL01$h1457
=FIN  \\$aY$d20221122
=LET  \0$aAnnual report- TORM (Electronic)
=LAS  \\$a8124$b40$c20221201$lBLL01$h1457

