=LDR  01746cas a2200457 i 4500
=001  020815948
=003  Uk
=005  20221125221845.0
=007  cr\|||||||||||
=008  221122c20209999enkar\\\\\\\\\0\\\a0eng\\
=FMT  \\$a  SE
=015  \\$aGBC2K7895$2bnb
=040  \\$aUk$beng$cUk$erda
=042  \\$aukblsr
=082  04$a364.60941$223
=110  2\$aHoward League for Penal Reform,$eauthor.
=240  10$aAnnual report (2020)
=245  10$aAnnual report /$cHoward League for Penal Reform.
=264  \1$aLondon :$bHoward League for Penal Reform
=300  \\$billustrations (colour)
=310  \\$aAnnual
=336  \\$atext$2rdacontent
=337  \\$acomputer$2rdamedia
=338  \\$aonline resource$2rdacarrier
=362  0\$a2020-
=500  \\$aTitle from PDF cover (Howard League for Penal Reform website, viewed November 22, 2022).
=588  \\$aLatest issue consulted: 2021, viewed November 22, 2022.
=610  20$aHoward League for Penal Reform$vPeriodicals.
=610  20$aHoward League for Penal Reform$vStatistics$vPeriodicals.
=690  7\$aSocial Welfare$2blcoll
=780  00$aHoward League for Penal Reform.$sAnnual review (2013)
=787  0\$aHoward League for Penal Reform.$tReport and financial statements
=859  \\$aELD$bejournal
=852  41$aBritish Library$bHMNTS$jELD Digital store$3(2020)-
=CAT  \\$a8483$b40$c20221122$lBLL01$h1023
=CAT  \\$aBATCH-SWP$c20221125$lBLL01$h2218
=FIN  \\$aY$d20221122
=LET  \0$aHoward League for Penal Reform annual report (Electronic)
=LKR  \\$aPAR$b018312341$lBLL01$r78000$mAnnual report /$nAnnual review /
=LKR  \\$aPAR$b018519685$lBLL01$r787$mAnnual report /$nReport and financial statements /
=LAS  \\$aBATCH-SWP$b00$c20221125$lBLL01$h2218

