=LDR  02141cas a2200529 i 4500
=001  020816020
=003  Uk
=005  20221202221606.0
=007  cr\|||||||||||
=008  221122c20199999enkar\\\\\\\\\0\\\a0eng\\
=FMT  \\$a  SE
=040  \\$aUk$beng$cUk$erda
=042  \\$aukblsr
=082  04$a362.1094238$223
=110  2\$aHealthwatch Somerset,$eauthor.
=240  10$aAnnual report (2020)
=245  10$aAnnual report /$cHealthwatch Somerset.
=246  1\$iMinor title change:$aHealthwatch Somerset annual report,$f2021/2022-
=264  \1$aMelksham :$bHealthwatch Somerset
=300  \\$billustrations (colour)
=310  \\$aAnnual
=336  \\$atext$2rdacontent
=337  \\$acomputer$2rdamedia
=338  \\$aonline resource$2rdacarrier
=362  0\$a2019/2020-
=500  \\$aTitle from PDF cover (Healthwatch Somerset website, viewed November 22, 2022).
=588  \\$aLatest issue consulted: 2021/2022, viewed November 22, 2022.
=610  20$aHealthwatch Somerset$vPeriodicals.
=650  \0$aMedical care$zEngland$zSomerset$vPeriodicals.
=650  \0$aPublic health$zEngland$zSomerset$vPeriodicals.
=610  27$aHealthwatch Somerset$2fast
=650  \7$aMedical care.$2fast$0(OCoLC)fst01013753
=650  \7$aPublic health.$2fast$0(OCoLC)fst01082238
=651  \7$aEngland$zSomerset.$2fast$0(OCoLC)fst01210402
=690  7\$aSocial Welfare$2blcoll
=780  00$aHealthwatch Somerset.$tImpact report
=859  \\$aELD$bejournal
=852  41$aBritish Library$bHMNTS$jELD Digital store$3(2019/2020)-
=985  \\$a2019/2020 originally regarded as a title of short duration, but the C/T has remained stable for 3 issues, so new record created (22.11.2022, ED).
=CAT  \\$a8483$b40$c20221122$lBLL01$h1223
=CAT  \\$a8483$b40$c20221122$lBLL01$h1226
=CAT  \\$a8483$b40$c20221122$lBLL01$h1229
=CAT  \\$aBATCH-SWP$c20221202$lBLL01$h2216
=FIN  \\$aY$d20221122
=LET  \0$aHealthwatch Somerset annual report (Electronic)
=LKR  \\$aPAR$b019541814$lBLL01$r78000$mAnnual report (2020) / Healthwatch Somerset$nImpact report /Healthwatch Somerset
=LAS  \\$aBATCH-SWP$b00$c20221202$lBLL01$h2216

