=LDR  02349cas a2200541 i 4500
=001  020820181
=003  Uk
=005  20221207092653.0
=006  m\\\\\|\\d\|\\\\\\
=007  cr\|||||||||||
=008  221124c19uu9999enkqr\p\o\\\\\0\\\a0eng\\
=FMT  \\$a  SE
=040  \\$aUk$beng$cUk$erda
=042  \\$aukblsr
=082  04$a641.2309422505$223
=245  00$aSussex drinker.
=264  \1$a[Sussex, England] :$bSussex Branches of the Campaign for Real Ale
=300  \\$billustrations (colour)
=310  \\$aQuarterly
=336  \\$atext$2rdacontent
=337  \\$acomputer$2rdamedia
=338  \\$aonline resource$2rdacarrier
=588  \\$aDescription based on: Print version record.
=588  \\$aLatest issue consulted: winter 2022 (publisher's website, viewed November 24, 2022).
=610  20$aCampaign for Real Ale.$bWestern Sussex Branch$vPeriodicals.
=610  20$aCampaign for Real Ale.$bArun & Adur Branch$vPeriodicals.
=610  20$aCampaign for Real Ale.$bNorth Sussex Branch$vPeriodicals.
=610  20$aCampaign for Real Ale.$bNorth East Sussex Branch$vPeriodicals.
=610  20$aCampaign for Real Ale.$bBrighton & South Downs Branch$vPeriodicals.
=610  20$aCampaign for Real Ale.$bSouth-East Sussex Branch$vPeriodicals.
=650  \0$aReal ale$zEngland$zSussex$vPeriodicals.
=650  \0$aBars (Drinking establishments)$zEngland$zSussex$vPeriodicals.
=710  2\$aCampaign for Real Ale.$bWestern Sussex Branch,$eissuing body.
=710  2\$aCampaign for Real Ale.$bArun & Adur Branch,$eissuing body.
=710  2\$aCampaign for Real Ale.$bNorth Sussex Branch,$eissuing body.
=710  2\$aCampaign for Real Ale.$bNorth East Sussex Branch,$eissuing body.
=710  2\$aCampaign for Real Ale.$bBrighton & South Downs Branch,$eissuing body.
=710  2\$aCampaign for Real Ale.$bSouth-East Sussex Branch,$eissuing body.
=776  08$iAlso issued in print as:$tSussex drinker
=859  \\$aELD$bejournal
=852  41$aBritish Library$bHMNTS$jELD Digital store$3(2019:Winter)-
=985  \\$aWFH record (CS) 2022
=CAT  \\$a8124$b40$c20221124$lBLL01$h0836
=CAT  \\$a8871$b40$c20221207$lBLL01$h0926
=FIN  \\$aY$d20221124
=LET  \0$aSussex drinker (Electronic)
=LKR  \\$aPAR$b016099873$lBLL01$r776$mSussex drinker (Online)$nSussex drinker (Print)
=LAS  \\$a8871$b40$c20221207$lBLL01$h0926

