=LDR  01726cas a2200433 i 4500
=001  020835270
=003  Uk
=005  20221209182515.0
=006  m\\\\\|\\d\|\\\\\\
=007  cr\|||||||||||
=008  221208c20209999stkar\p\o\\\\\0\\\a0eng\\
=FMT  \\$a  SE
=015  \\$aGBC2M1600$2bnb
=040  \\$aUk$beng$cUk$erda
=042  \\$aukblsr
=082  04$a363.7509411$223
=110  1\$aScotland.$bHM Inspector of Burial, Cremation and Funeral Directors,$eauthor.
=245  10$aInspector of Burial, Cremation, and Funeral Directors annual report.
=246  10$aAnnual report
=264  \1$aEdinburgh :$bScottish Government
=310  \\$aAnnual
=336  \\$atext$2rdacontent
=337  \\$acomputer$2rdamedia
=338  \\$aonline resource$2rdacarrier
=362  0\$aDecember 2020/December 2021-
=500  \\$aTitle from PDF cover (Scot.Gov, viewed December 8, 2022).
=610  17$aScotland.$bHM Inspector of Burial, Cremation and Funeral Directors.$2fast
=655  \7$aPeriodicals.$2fast$0(OCoLC)fst01411641
=710  1\$aScotland.$bScottish Government,$eissuing body.
=780  00$aScotland. HM Inspector of Cremation.$tInspector of Cremation annual report
=859  \\$aELD$bejournal
=852  41$aBritish Library$bHMNTS$jELD Digital store$3(2020/2021)-
=CAT  \\$a8483$b40$c20221208$lBLL01$h1450
=CAT  \\$a8483$b40$c20221208$lBLL01$h1451
=CAT  \\$a8871$b40$c20221209$lBLL01$h1825
=FIN  \\$aY$d20221208
=LET  \0$aInspector of Burial, Cremation, and Funeral Directors annual report (Electronic)
=LKR  \\$aPAR$b019958237$lBLL01$r78000$mInspector of Burial, Cremation, and Funeral Directors annual report.$nInspector of Cremation annual report.
=LAS  \\$a8871$b40$c20221209$lBLL01$h1825

