=LDR  00923cas a22003138i 4500
=001  020836277
=003  Uk
=005  20230901111258.0
=006  m\\\\\\\\d\|\\\\\\
=007  cr||||||||||||
=008  221212c20249999enkfr\j\o\\\\\0\\\a0eng\\
=FMT  \\$a  SE
=022  0\$a2753-412X$202
=037  \\$a???$bSage (UK) Ltd
=040  \\$aUk$beng$cUk$erda
=222  \0$aChinese journal of transnational law
=245  00$aChinese journal of transnational law.
=263  \\$a202403
=264  \1$aLondon :$bSAGE
=310  \\$aSemiannual
=336  \\$atext$2rdacontent
=337  \\$acomputer$2rdamedia
=338  \\$aonline resource$2rdacarrier
=859  \\$aELD$bejournal
=852  41$aBritish Library$bHMNTS$jELD Digital store
=CAT  \\$a10806$b40$c20221212$lBLL01$h0800
=CAT  \\$a15731$b40$c20230901$lBLL01$h1112
=LET  \0$aChinese journal of transnational law (Electronic)
=LAS  \\$a15731$b40$c20230901$lBLL01$h1112

