=LDR  00820cas a22002655i 4500
=001  020853294
=003  Uk
=005  20230107091940.0
=006  m\\\\\|\\d\|\\\\\\
=007  cr\|||||||||||
=008  230107c\\\\9999\\\\\\p\o\\\\\0\\\a0eng\\
=FMT  \\$a  SE
=022  \\$a2769-1624
=037  \\$aISSN_27691616_21$bPortico$nTaylor & Francis
=245  00$aJournal of pentecostal and charismatic Christianity.
=264  \1$bTaylor & Francis.
=336  \\$atext$2rdacontent
=337  \\$acomputer$2rdamedia
=338  \\$aonline resource$2rdacarrier
=859  \\$aELD$bejournal
=852  41$aBritish Library$bHMNTS$jELD Digital store$3Volume 42:Issue 1(2022)-
=985  \\$aELD accessioning record awaiting upgrade
=CAT  \\$a10902$b40$c20230107$lBLL01$h0919
=MNI  \\$a2769-1616
=LAS  \\$a10902$b40$c20230107$lBLL01$h0919

