=LDR  00794cas a22002655i 4500
=001  020865418
=003  Uk
=005  20230114074921.0
=006  m\\\\\|\\d\|\\\\\\
=007  cr\|||||||||||
=008  230114c\\\\9999\\\\\\p\o\\\\\0\\\a0eng\\
=FMT  \\$a  SE
=022  \\$a2767-1135
=037  \\$aISSN_27671127_21$bPortico$nTaylor & Francis
=245  00$aCommunication and Democracy
=264  \1$bTaylor & Francis
=336  \\$atext$2rdacontent
=337  \\$acomputer$2rdamedia
=338  \\$aonline resource$2rdacarrier
=859  \\$aELD$bejournal
=852  41$aBritish Library$bHMNTS$jELD Digital store$3Volume 56:Issue 1(2022)-
=985  \\$aELD accessioning record awaiting upgrade
=CAT  \\$a15020$b40$c20230114$lBLL01$h0749
=MNI  \\$a2767-1127
=LAS  \\$a15020$b40$c20230114$lBLL01$h0749

