=LDR  00852cas a22003018i 4500
=001  020879171
=003  Uk
=005  20230901110024.0
=006  m\\\\\\\\d\|\\\\\\
=007  cr||||||||||||
=008  230119c20249999enkuu\\\o\\\\\0\\\a0eng\\
=FMT  \\$a  SE
=022  0\$a2753-3735$202
=037  \\$a???$bSage (UK) Ltd
=040  \\$aUk$beng$cUk$erda
=222  \0$aRenewable energies
=245  00$aRenewable energies.
=263  \\$a202401
=264  \1$aLondon :$bSage Publishing
=336  \\$atext$2rdacontent
=337  \\$acomputer$2rdamedia
=338  \\$aonline resource$2rdacarrier
=859  \\$aELD$bejournal
=852  41$aBritish Library$bHMNTS$jELD Digital store
=CAT  \\$a7152$b40$c20230119$lBLL01$h1225
=CAT  \\$a15731$b40$c20230901$lBLL01$h1100
=LET  \0$aRenewable energies (Electronic)
=LAS  \\$a15731$b40$c20230901$lBLL01$h1100

