=LDR  00923cas a22003138i 4500
=001  020879178
=003  Uk
=005  20230829140158.0
=006  m\\\\\\\\d\|\\\\\\
=007  cr||||||||||||
=008  230119c20239999enktr\p\o\\\\\0\\\a0eng\\
=FMT  \\$a  SE
=022  0\$a2753-3743$202
=037  \\$a???$bSage (UK) Ltd
=040  \\$aUk$beng$cUk$erda
=222  \0$aJournal of alternative finance
=245  00$aJournal of alternative finance.
=263  \\$a202403
=264  \1$aLondon :$bSage Publishing
=310  \\$aThree times a year
=336  \\$atext$2rdacontent
=337  \\$acomputer$2rdamedia
=338  \\$aonline resource$2rdacarrier
=859  \\$aELD$bejournal
=852  41$aBritish Library$bHMNTS$jELD Digital store
=CAT  \\$a7152$b40$c20230119$lBLL01$h1235
=CAT  \\$a14412$b40$c20230829$lBLL01$h1401
=LET  \0$aJournal of alternative finance (Electronic)
=LAS  \\$a14412$b40$c20230829$lBLL01$h1401

