=LDR  00755cas a22002535i 4500
=001  020879601
=003  Uk
=005  20230421134242.0
=006  m\\\\\|\\d\|\\\\\\
=007  cr\|||||||||||
=008  230120c\\\\9999\\\\\\p\o\\\\\0\\\a0eng\\
=FMT  \\$a  SE
=022  \\$a2769-4054
=037  \\$aISSN_27694054_75$bPortico$nEmerald
=245  00$aJournal of blood service economics
=336  \\$atext$2rdacontent
=337  \\$acomputer$2rdamedia
=338  \\$aonline resource$2rdacarrier
=859  \\$aELD$bejournal
=852  41$aBritish Library$bHMNTS$jELD Digital store
=985  \\$aELD accessioning record awaiting upgrade
=CAT  \\$a9667$b40$c20230120$lBLL01$h1310
=CAT  \\$a14586$b40$c20230421$lBLL01$h1342
=LAS  \\$a14586$b40$c20230421$lBLL01$h1342

