=LDR  00784cas a22002655i 4500
=001  020937555
=003  Uk
=005  20230421133856.0
=006  m\\\\\|\\d\|\\\\\\
=007  cr\|||||||||||
=008  230131c\\\\9999\\\\\\p\o\\\\\0\\\a0eng\\
=FMT  \\$a  SE
=022  \\$a2949-821X
=037  \\$aISSN_2949821X_8$bPortico$nElsevier
=245  00$aNext energy
=264  \1$bElsevier
=336  \\$atext$2rdacontent
=337  \\$acomputer$2rdamedia
=338  \\$aonline resource$2rdacarrier
=859  \\$aELD$bejournal
=852  41$aBritish Library$bHMNTS$jELD Digital store$3Volumer 1:Issue 1(2023)-
=985  \\$aELD accessioning record awaiting upgrade
=CAT  \\$a14412$b40$c20230131$lBLL01$h1418
=CAT  \\$a14586$b40$c20230421$lBLL01$h1338
=LAS  \\$a14586$b40$c20230421$lBLL01$h1338

