=LDR  02294cas a2200565 i 4500
=001  020942326
=003  Uk
=005  20230208142051.0
=006  m\\\\\|\\d\|\\\\\\
=007  cr\|||||||||||
=008  230201c20239999enkmr\s\o\\\\\0\\\a0eng\\
=FMT  \\$a  SE
=040  \\$aUk$beng$cUk$erda
=042  \\$aukblsr
=082  04$a362.110942496$223
=245  00$aUHB connected.$pNews from Good Hope Hospital.
=246  30$aNews from Good Hope Hospital
=264  \1$aBirmingham :$bUniversity Hospitals Birmingham,$c2023-
=300  \\$billustrations (colour)
=310  \\$aMonthly
=336  \\$atext$2rdacontent
=337  \\$acomputer$2rdamedia
=338  \\$aonline resource$2rdacarrier
=362  0\$aJanuary 2023-
=500  \\$aTitle from PDF caption.
=588  \\$aLatest issue consulted: February 2023 (uhb.nhs.uk, viewed February 1, 2023).
=610  27$aGood Hope Hospital NHS Trust$2fast$0(OCoLC)fst00786102
=610  27$aUniversity Hospitals Birmingham NHS Foundation Trust$2fast
=650  \7$aCommunity health services.$2fast$0(OCoLC)fst00870958
=650  \7$aHospital patients.$2fast$0(OCoLC)fst00961005
=650  \7$aHospital patients$xServices for.$2fast$0(OCoLC)fst00961031
=650  \7$aHospitals$xEmployees.$2fast$0(OCoLC)fst01430505
=651  \7$aEngland$zSutton Coldfield.$2fast$0(OCoLC)fst01225195
=651  \7$aEngland$zBirmingham.$2fast$0(OCoLC)fst01205911
=655  \7$aPeriodicals.$2fast$0(OCoLC)fst01411641
=655  \7$aNewsletters.$2fast$0(OCoLC)fst01919943
=690  7\$aSocial Welfare$2blcoll
=710  2\$aUniversity Hospitals Birmingham NHS Foundation Trust,$eissuing body.
=710  2\$aGood Hope Hospital (Sutton Coldfield, England),$eissuing body.
=780  00$tNews@UHB. Good Hope Hospital
=859  \\$aELD$bejournal
=852  41$aBritish Library$bHMNTS$jELD Digital store$3(2023:Jan.)-
=985  \\$aWFH record (CS) 2023
=CAT  \\$a8124$b40$c20230201$lBLL01$h1016
=CAT  \\$a8124$b40$c20230201$lBLL01$h1018
=CAT  \\$a8124$b40$c20230208$lBLL01$h1420
=FIN  \\$aY$d20230201
=LET  \0$aUHB connected. News from Good Hope Hospital (Electronic)
=LKR  \\$aPAR$b020500128$lBLL01$r78000$mUHB connected. News from Good Hope Hospital$nNews@UHB. Good Hope Hospital (Print)
=LAS  \\$a8124$b40$c20230208$lBLL01$h1420

