=LDR  00854cas a22002895i 4500
=001  020945802
=003  Uk
=005  20230505122856.0
=006  m\\\\\|\\d\|\\\\\\
=007  cr\|||||||||||
=008  230202c\\\\9999\\\\\\p\o\\\\\0\\\a0eng\\
=FMT  \\$a  SE
=022  \\$a2832-529X
=037  \\$aISSN_28325281_21$bPortico$nTaylor & Francis
=245  00$aBlack Histories
=264  \1$bTaylor & Francis
=336  \\$atext$2rdacontent
=337  \\$acomputer$2rdamedia
=338  \\$aonline resource$2rdacarrier
=859  \\$aELD$bejournal
=852  41$aBritish Library$bHMNTS$jELD Digital store
=985  \\$aELD accessioning record awaiting upgrade
=CAT  \\$a15190$b40$c20230202$lBLL01$h0857
=CAT  \\$a15190$b40$c20230202$lBLL01$h0858
=CAT  \\$a14586$b40$c20230505$lBLL01$h1228
=MNI  \\$a2832-5281
=LAS  \\$a14586$b40$c20230505$lBLL01$h1228

