=LDR  00865cas a22002895i 4500
=001  020945881
=003  Uk
=005  20230417083442.0
=006  m\\\\\|\\d\|\\\\\\
=007  cr\|||||||||||
=008  230202c\\\\9999\\\\\\p\o\\\\\0\\\a0eng\\
=FMT  \\$a  SE
=022  \\$a2832-7861
=037  \\$aISSN_14765276_21$bPortico$nTaylor & Francis
=245  00$aCrusades
=264  \1$bTaylor & Francis
=336  \\$atext$2rdacontent
=337  \\$acomputer$2rdamedia
=338  \\$aonline resource$2rdacarrier
=859  \\$aELD$bejournal
=852  41$aBritish Library$bHMNTS$jELD Digital store$3Volume 15(2016)-
=985  \\$aELD accessioning record awaiting upgrade
=CAT  \\$a15190$b40$c20230202$lBLL01$h1138
=CAT  \\$a15020$b40$c20230417$lBLL01$h0833
=CAT  \\$a15020$b40$c20230417$lBLL01$h0834
=MNI  \\$a1476-5276
=LAS  \\$a15020$b40$c20230417$lBLL01$h0834

