=LDR  00783cas a22002655i 4500
=001  020946516
=003  Uk
=005  20230331114420.0
=006  m\\\\\|\\d\|\\\\\\
=007  cr\|||||||||||
=008  230203c\\\\9999\\\\\\p\o\\\\\0\\\a0eng\\
=FMT  \\$a  SE
=022  \\$a2949-8295
=037  \\$aISSN_29498295_8$bPortico$nElsevier
=245  00$aNext Nanotechnology
=264  \1$bElsevier
=336  \\$atext$2rdacontent
=337  \\$acomputer$2rdamedia
=338  \\$aonline resource$2rdacarrier
=859  \\$aELD$bejournal
=852  41$aBritish Library$bHMNTS$jELD Digital store$3Volume 1(2023)-
=985  \\$aELD accessioning record awaiting upgrade
=CAT  \\$a15190$b40$c20230203$lBLL01$h1426
=CAT  \\$a10902$b40$c20230331$lBLL01$h1144
=LAS  \\$a10902$b40$c20230331$lBLL01$h1144

