=LDR  00766cas a22002655i 4500
=001  020946521
=003  Uk
=005  20230331115124.0
=006  m\\\\\|\\d\|\\\\\\
=007  cr\|||||||||||
=008  230203c\\\\9999\\\\\\p\o\\\\\0\\\a0eng\\
=FMT  \\$a  SE
=022  \\$a2949-8236
=037  \\$aISSN_29498236_8$bPortico$nElsevier
=245  00$aNext Sustainability
=264  \1$bElsevier
=336  \\$atext$2rdacontent
=337  \\$acomputer$2rdamedia
=338  \\$aonline resource$2rdacarrier
=859  \\$aELD$bejournal
=852  41$aBritish Library$bHMNTS$jELD Digital store
=985  \\$aELD accessioning record awaiting upgrade
=CAT  \\$a15190$b40$c20230203$lBLL01$h1432
=CAT  \\$a10902$b40$c20230331$lBLL01$h1151
=LAS  \\$a10902$b40$c20230331$lBLL01$h1151

