=LDR  00822nas a22002775i 4500
=001  020946715
=003  Uk
=005  20230204100433.0
=006  m\\\\\|\\d\|\\\\\\
=007  cr\|||||||||||
=008  230204c\\\\9999\\\\\\p\o\\\\\0\\\a0eng\\
=FMT  \\$a  SE
=022  \\$a2666-7916
=037  \\$aISSN_26667916_8$bPortico$nElsevier
=245  00$aCleaner Production Letters
=264  \1$bElsevier
=336  \\$atext$2rdacontent
=337  \\$acomputer$2rdamedia
=338  \\$aonline resource$2rdacarrier
=859  \\$aELD$bejournal
=852  41$aBritish Library$bHMNTS$jELD Digital store
=985  \\$aELD accessioning record awaiting upgrade
=CAT  \\$a15020$b40$c20230204$lBLL01$h1002
=CAT  \\$a15020$b40$c20230204$lBLL01$h1003
=CAT  \\$a15020$b40$c20230204$lBLL01$h1004
=LAS  \\$a15020$b40$c20230204$lBLL01$h1004

