=LDR  00779cas a22002655i 4500
=001  020947575
=003  Uk
=005  20230328153346.0
=006  m\\\\\|\\d\|\\\\\\
=007  cr\|||||||||||
=008  230206c\\\\9999\\\\\\p\o\\\\\0\\\a0eng\\
=FMT  \\$a  SE
=022  \\$a2949-8996
=037  \\$aISSN_29498996_8$bPortico$nElsevier
=245  00$aTransport Economics and Management
=264  \1$bElsevier
=336  \\$atext$2rdacontent
=337  \\$acomputer$2rdamedia
=338  \\$aonline resource$2rdacarrier
=859  \\$aELD$bejournal
=852  41$aBritish Library$bSTI$jELD Digital store
=985  \\$aELD accessioning record awaiting upgrade
=CAT  \\$a15731$b40$c20230206$lBLL01$h1042
=CAT  \\$a15190$b40$c20230328$lBLL01$h1533
=LAS  \\$a15190$b40$c20230328$lBLL01$h1533

