=LDR  00794cas a22002655i 4500
=001  020947616
=003  Uk
=005  20230328153457.0
=006  m\\\\\|\\d\|\\\\\\
=007  cr\|||||||||||
=008  230206c\\\\9999\\\\\\p\o\\\\\0\\\a0eng\\
=FMT  \\$a  SE
=022  \\$a2772-655X
=037  \\$aISSN_2772655X_8$bPortico$nElsevier
=245  00$aWorld Development Sustainability
=264  \1$bElsevier
=336  \\$atext$2rdacontent
=337  \\$acomputer$2rdamedia
=338  \\$aonline resource$2rdacarrier
=859  \\$aELD$bejournal
=852  41$aBritish Library$bSTI$jELD Digital store$3Volume 1(2022)-
=985  \\$aELD accessioning record awaiting upgrade
=CAT  \\$a15731$b40$c20230206$lBLL01$h1148
=CAT  \\$a15190$b40$c20230328$lBLL01$h1534
=LAS  \\$a15190$b40$c20230328$lBLL01$h1534

