=LDR  00798cas a22002655i 4500
=001  020948156
=003  Uk
=005  20230331115541.0
=006  m\\\\\|\\d\|\\\\\\
=007  cr\|||||||||||
=008  230206c\\\\9999\\\\\\p\o\\\\\0\\\a0eng\\
=FMT  \\$a  SE
=022  \\$a2773-1766
=037  \\$aISSN_27731766_8$bPortico$nElsevier
=245  00$aRedox Biochemistry and Chemistry
=264  \1$bElsevier
=336  \\$atext$2rdacontent
=337  \\$acomputer$2rdamedia
=338  \\$aonline resource$2rdacarrier
=859  \\$aELD$bejournal
=852  41$aBritish Library$bHMNTS$jELD Digital store$3Volume 1/2(2023)-
=985  \\$aELD accessioning record awaiting upgrade
=CAT  \\$a15190$b40$c20230206$lBLL01$h1439
=CAT  \\$a10902$b40$c20230331$lBLL01$h1155
=LAS  \\$a10902$b40$c20230331$lBLL01$h1155

