=LDR  00763cas a22002655i 4500
=001  020955343
=003  Uk
=005  20230211081123.0
=006  m\\\\\|\\d\|\\\\\\
=007  cr\|||||||||||
=008  230211c\\\\9999\\\\\\p\o\\\\\0\\\a0eng\\
=FMT  \\$a  SE
=022  \\$a2666-951X
=037  \\$aISSN_2666951X_8$bPortico$nElsevier
=245  00$aTetrahedron Chem
=264  \1$bElsevier
=336  \\$atext$2rdacontent
=337  \\$acomputer$2rdamedia
=338  \\$aonline resource$2rdacarrier
=859  \\$aELD$bejournal
=852  41$aBritish Library$bHMNTS$jELD Digital store
=985  \\$aELD accessioning record awaiting upgrade
=CAT  \\$a15020$b40$c20230211$lBLL01$h0810
=CAT  \\$a15020$b40$c20230211$lBLL01$h0811
=LAS  \\$a15020$b40$c20230211$lBLL01$h0811

