=LDR  01456cas a2200421 i 4500
=001  020956249
=003  Uk
=005  20230214120507.0
=006  m\\\\\|\\d\|\\\\\\
=007  cr\|||||||||||
=008  230214c19499999wlkmx\p\o\\\\\0\\\a0eng\\
=FMT  \\$a  SE
=040  \\$aUk$beng$cUk$erda
=042  \\$aukblsr
=082  04$a285.23505$223
=245  02$aY Gadwyn :$bmisolyn Eglwys y Crwys.
=264  \1$aCaerdydd :$bEglwys y Crwys,$c[1949]-
=300  \\$billustrations (black and white, and colour) ;$c21 cm
=310  \\$aTen times a year
=336  \\$atext$2rdacontent
=337  \\$acomputer$2rdamedia
=338  \\$aonline resource$2rdacarrier
=362  1\$aPrint began in 1949.
=588  \\$aLatest issue consulted: Cyfrol LXXIII, Rhif 11 (Rhagfyr 2022).
=650  \7$aPresbyterian Church.$2fast$0(OCoLC)fst01075515
=650  \7$aPresbyterians.$2fast$0(OCoLC)fst01075567
=651  \7$aWales$zCardiff.$2fast$0(OCoLC)fst01205434
=655  \7$aPeriodicals.$2fast$0(OCoLC)fst01411641
=710  2\$aEglwys y Crwys (Cardiff, Wales)
=776  08$iAlso issued in print as:$tGadwyn
=859  \\$aELD$bejournal
=852  41$aBritish Library$bHMNTS$jELD Digital store$3(2020:Apr.)-
=985  \\$aWFH record (CS) 2023
=CAT  \\$a8124$b40$c20230214$lBLL01$h1205
=FIN  \\$aY$d20230214
=LET  \2$aY Gadwyn (Electronic)
=LKR  \\$aPAR$b000603950$lBLL01$r776$mY Gadwyn (Online)$nY Gadwyn (Print)
=LAS  \\$a8124$b40$c20230214$lBLL01$h1205

