=LDR  00760cas a22002655i 4500
=001  020961886
=003  Uk
=005  20230218072134.0
=006  m\\\\\|\\d\|\\\\\\
=007  cr\|||||||||||
=008  230218c\\\\9999\\\\\\p\o\\\\\0\\\a0eng\\
=FMT  \\$a  SE
=022  \\$a2772-5693
=037  \\$aISSN_27725693_8$bPortico$nElsevier
=245  00$aScience Talks
=264  \1$bElsevier
=336  \\$atext$2rdacontent
=337  \\$acomputer$2rdamedia
=338  \\$aonline resource$2rdacarrier
=859  \\$aELD$bejournal
=852  41$aBritish Library$bHMNTS$jELD Digital store
=985  \\$aELD accessioning record awaiting upgrade
=CAT  \\$a15020$b40$c20230218$lBLL01$h0720
=CAT  \\$a15020$b40$c20230218$lBLL01$h0721
=LAS  \\$a15020$b40$c20230218$lBLL01$h0721

