=LDR  00766cas a22002535i 4500
=001  020961889
=003  Uk
=005  20230218081125.0
=006  m\\\\\|\\d\|\\\\\\
=007  cr\|||||||||||
=008  230218c\\\\9999\\\\\\p\o\\\\\0\\\a0eng\\
=FMT  \\$a  SE
=022  \\$a2772-6711
=037  \\$aISSN_27726711_8$bPortico$nElsevier
=245  00$ae-Prime - Advances in Electrical Engineering, Electronics and Energy
=264  \1$bElsevier
=336  \\$atext$2rdacontent
=337  \\$acomputer$2rdamedia
=338  \\$aonline resource$2rdacarrier
=859  \\$aELD$bejournal
=852  41$aBritish Library$bHMNTS$jELD Digital store
=985  \\$aELD accessioning record awaiting upgrade
=CAT  \\$a15020$b40$c20230218$lBLL01$h0811
=LAS  \\$a15020$b40$c20230218$lBLL01$h0811

