=LDR  00735cas a22002535i 4500
=001  020963378
=003  Uk
=005  20230220140910.0
=006  m\\\\\|\\d\|\\\\\\
=007  cr\|||||||||||
=008  230220c\\\\9999\\\\\\p\o\\\\\0\\\a0eng\\
=FMT  \\$a  SE
=022  \\$a2667-193X
=037  \\$aISSN_2667193X_8$bPortico$nElsevier
=245  00$aThe Lancet Regional Health - Americas
=264  \1$bElsevier
=336  \\$atext$2rdacontent
=337  \\$acomputer$2rdamedia
=338  \\$aonline resource$2rdacarrier
=859  \\$aELD$bejournal
=852  41$aBritish Library$bHMNTS$jELD Digital store
=985  \\$aELD accessioning record awaiting upgrade
=CAT  \\$a15190$b40$c20230220$lBLL01$h1409
=LAS  \\$a15190$b40$c20230220$lBLL01$h1409

