=LDR  00741cas a22002535i 4500
=001  020963430
=003  Uk
=005  20230220161427.0
=006  m\\\\\|\\d\|\\\\\\
=007  cr\|||||||||||
=008  230220c\\\\9999\\\\\\p\o\\\\\0\\\a0eng\\
=FMT  \\$a  SE
=022  \\$a2772-3682
=037  \\$aISSN_27723682_8$bPortico$nElsevier
=245  00$aThe Lancet Regional Health - Southeast Asia
=264  \1$bElsevier
=336  \\$atext$2rdacontent
=337  \\$acomputer$2rdamedia
=338  \\$aonline resource$2rdacarrier
=859  \\$aELD$bejournal
=852  41$aBritish Library$bHMNTS$jELD Digital store
=985  \\$aELD accessioning record awaiting upgrade
=CAT  \\$a15190$b40$c20230220$lBLL01$h1614
=LAS  \\$a15190$b40$c20230220$lBLL01$h1614

