=LDR  00737cas a22002535i 4500
=001  020964788
=003  Uk
=005  20230221085246.0
=006  m\\\\\|\\d\|\\\\\\
=007  cr\|||||||||||
=008  230221c\\\\9999\\\\\\p\o\\\\\0\\\a0eng\\
=FMT  \\$a  SE
=022  \\$a2772-3704
=037  \\$aISSN_27723704_8$bPortico$nElsevier
=245  00$aPower Electronic Devices and Components
=264  \1$bElsevier
=336  \\$atext$2rdacontent
=337  \\$acomputer$2rdamedia
=338  \\$aonline resource$2rdacarrier
=859  \\$aELD$bejournal
=852  41$aBritish Library$bHMNTS$jELD Digital store
=985  \\$aELD accessioning record awaiting upgrade
=CAT  \\$a15190$b40$c20230221$lBLL01$h0852
=LAS  \\$a15190$b40$c20230221$lBLL01$h0852

