=LDR  02123cas a2200493 i 4500
=001  020969788
=003  Uk
=005  20230223154738.0
=006  m\\\\\|\\d\|\\\\\\
=007  cr\|||||||||||
=008  230223c20229999enkmr\p\o\\\\\0\\\a0eng\\
=FMT  \\$a  SE
=015  \\$aGBC342842$2bnb
=040  \\$aUk$beng$cUk$erda
=042  \\$aukblsr
=082  04$a284.2422145$223
=130  0\$aGrapevine (St. Andrew's United Reformed Church (Walton-on-Thames, England))
=245  14$aThe grapevine.
=264  \1$a[London] :$bWalton and Weybridge Pastorate,$c2022-
=264  31$a[Weybridge] :$bSt Andrew's United Reformed Church Walton and Weybridge
=300  \\$billustrations (black and white, and colour)
=310  \\$aMonthly
=336  \\$atext$2rdacontent
=337  \\$acomputer$2rdamedia
=338  \\$aonline resource$2rdacarrier
=362  1\$aPrint began with volume 1, number 1 (February 2022).
=588  \\$aDescription based on: print version record.
=588  \\$aLatest issue consulted: volume 2, number 1 (February 2023) (publisher's website, viewed February 23, 2023).
=610  27$aSt. Andrew's United Reformed Church (Walton-on-Thames, England)$2fast
=650  \7$aChristian life.$2fast$0(OCoLC)fst00859185
=651  \7$aEngland$zWeybridge.$2fast$0(OCoLC)fst01202818
=655  \7$aPeriodicals.$2fast$0(OCoLC)fst01411641
=651  \7$aEngland$zWalton-on-Thames.$2fast$0(OCoLC)fst01203129
=710  2\$aSt. Andrew's United Reformed Church (Walton-on-Thames, England),$eissuing body.
=776  08$iAlso issued in print as:$tGrapevine (St. Andrew's United Reformed Church (Walton-on-Thames, England))
=859  \\$aELD$bejournal
=852  41$aBritish Library$bHMNTS$jELD Digital store$3Volume 2:Number 1(2023)-
=985  \\$aWFH record (CS) 2023
=CAT  \\$a8124$b40$c20230223$lBLL01$h1232
=CAT  \\$a8124$b40$c20230223$lBLL01$h1547
=FIN  \\$aY$d20230223
=LET  \0$aThe grapevine St. Andrew's United Reformed Church (Walton-on-Thames, Englan (Electronic)
=LKR  \\$aPAR$b020582835$lBLL01$r776$mGrapevine (Online)$nGrapevine (Print)
=LAS  \\$a8124$b40$c20230223$lBLL01$h1547

