=LDR  00861cas a22002775i 4500
=001  020980928
=003  Uk
=005  20230328153741.0
=006  m\\\\\|\\d\|\\\\\\
=007  cr\|||||||||||
=008  230304c\\\\9999\\\\\\p\o\\\\\0\\\a0eng\\
=FMT  \\$a  SE
=022  \\$a2154-4794
=037  \\$aISSN_00349631_90$bPortico$nLiverpool University Press
=245  00$aRevista Iberoamericana
=264  \1$bLiverpool University Press
=336  \\$atext$2rdacontent
=337  \\$acomputer$2rdamedia
=338  \\$aonline resource$2rdacarrier
=859  \\$aELD$bejournal
=852  41$aBritish Library$bHMNTS$jELD Digital store$3Volume 81:Number 251(2015)-
=985  \\$aELD accessioning record awaiting upgrade
=CAT  \\$a15020$b40$c20230304$lBLL01$h0753
=CAT  \\$a15190$b40$c20230328$lBLL01$h1537
=MNI  \\$a0034-9631
=LAS  \\$a15190$b40$c20230328$lBLL01$h1537

