=LDR  01477cas a2200397 i 4500
=001  020981894
=003  Uk
=005  20230308143053.0
=006  m\\\\\|\\d\|\\\\\\
=007  cr\|||||||||||
=008  230306c20uu9999enkuu\p\o\\\\o0\\\a0eng\\
=FMT  \\$a  SE
=015  \\$aGBC347652$2bnb
=040  \\$aUk$beng$cUk$erda
=042  \\$aukblsr
=082  04$a790.069$223
=245  00$aSports club management.
=264  \1$aWindsor :$bAlchemy Contract Publishing Ltd
=300  \\$billustrations (colour)
=336  \\$atext$2rdacontent
=337  \\$acomputer$2rdamedia
=338  \\$aonline resource$2rdacarrier
=588  \\$aDescription based on: July 2020 issue; title from cover.
=650  \7$aSports administration.$2fast$0(OCoLC)fst01130552
=655  \7$aPeriodicals.$2fast$0(OCoLC)fst01411641
=776  08$iAlso issued in print as:$tSports club management
=859  \\$aELD$bejournal
=852  41$aBritish Library$bHMNTS$jELD Digital store$3(2020:Jul.)-
=985  \\$aAs with some of the other "club" titles from Alchemy these may be a closed set of pandemic specials. Unsure - left open for now GC.
=CAT  \\$a3072$b40$c20230306$lBLL01$h1534
=CAT  \\$a3072$b40$c20230307$lBLL01$h1559
=CAT  \\$a3072$b40$c20230308$lBLL01$h1430
=FIN  \\$aY$d20230306
=LET  \0$aSports club management (Electronic)
=LKR  \\$aPAR$b018041252$lBLL01$nSports club management (Print)$mSports club management (Online)$r776
=LAS  \\$a3072$b40$c20230308$lBLL01$h1430

