=LDR  00800cas a22002655i 4500
=001  020986595
=003  Uk
=005  20230308082544.0
=006  m\\\\\|\\d\|\\\\\\
=007  cr\|||||||||||
=008  230308c\\\\9999\\\\\\p\o\\\\\0\\\a0eng\\
=FMT  \\$a  SE
=022  \\$a2773-0646
=037  \\$aISSN_27730646_8$bPortico$nElsevier
=245  00$aMemories - materials, devices, circuits and systems.
=264  \1$bElsevier.
=336  \\$atext$2rdacontent
=337  \\$acomputer$2rdamedia
=338  \\$aonline resource$2rdacarrier
=859  \\$aELD$bejournal
=852  41$aBritish Library$bHMNTS$jELD Digital store
=985  \\$aELD accessioning record awaiting upgrade
=CAT  \\$a10902$b40$c20230308$lBLL01$h0822
=CAT  \\$a10902$b40$c20230308$lBLL01$h0825
=LAS  \\$a10902$b40$c20230308$lBLL01$h0825

