=LDR  01162cas a22003495i 4500
=001  020986735
=003  Uk
=005  20230316091443.0
=006  m\\\\\|\\d\|\\\\\\
=007  cr\|||||||||||
=008  230308c\\\\9999\\\\\\p\o\\\\\0\\\a0eng\\
=FMT  \\$a  SE
=022  \\$a2768-4830
=037  \\$aISSN_27684830_21$bPortico$nTaylor & Francis
=245  00$aResearch in Mathematics
=264  \1$bTaylor & Francis$aLondon$c2022-
=336  \\$atext$2rdacontent
=337  \\$acomputer$2rdamedia
=338  \\$aonline resource$2rdacarrier
=859  \\$aELD$bejournal
=852  41$aBritish Library$bHMNTS$jELD Digital store$3Volume 9:Issue 1(2022)-
=985  \\$aELD accessioning record awaiting upgrade
=CAT  \\$a9658$b40$c20230308$lBLL01$h1419
=CAT  \\$a9658$b40$c20230308$lBLL01$h1424
=CAT  \\$a9658$b40$c20230308$lBLL01$h1425
=CAT  \\$a9658$b40$c20230308$lBLL01$h1426
=CAT  \\$a9658$b40$c20230308$lBLL01$h1430
=CAT  \\$a9658$b40$c20230308$lBLL01$h1432
=CAT  \\$a9658$b40$c20230308$lBLL01$h1500
=CAT  \\$a9658$b40$c20230308$lBLL01$h1540
=CAT  \\$a10983$b40$c20230316$lBLL01$h0914
=LAS  \\$a10983$b40$c20230316$lBLL01$h0914

