=LDR  01451cas a2200421 i 4500
=001  020993653
=003  Uk
=005  20231005131639.0
=006  m\\\\\|\\d\|\\\\\\
=007  cr\|||||||||||
=008  230317c20199999ne\tr\p\o\\\\\0\\\a0eng\\
=FMT  \\$a  SE
=015  \\$aGBC3J2105$2bnb
=022  \\$a2666-3678
=037  \\$a???$bUbiquity Press
=040  \\$aUk$beng$cUk$erda
=042  \\$aukblsr
=082  04$a341.48$223
=222  \0$aCross-cultural human rights review$b(Online)
=245  00$aCross-cultural human rights review :$bincluding all nations in the human rights dialogue.
=264  \1$aAmsterdam :$bCross-cultural Human Rights Review,$c2019-
=310  \\$aPublished 3 times a year
=336  \\$atext$2rdacontent
=337  \\$acomputer$2rdamedia
=338  \\$aonline resource$2rdacarrier
=362  0\$aVolume 1, issue 1/3 (2019)-
=500  \\$aTitle from journal home page (publisher's Web site, viewed October 5, 2023).
=588  \\$aLatest issue consulted: volume 3.
=650  \7$aHuman rights.$2fast$0(OCoLC)fst00963285
=655  \7$aPeriodicals.$2fast$0(OCoLC)fst01411641
=859  \\$aELD$bejournal
=852  41$aBritish Library$bHMNTS$jELD Digital store
=CAT  \\$a15190$b40$c20230317$lBLL01$h1113
=CAT  \\$a15190$b40$c20230317$lBLL01$h1115
=CAT  \\$a10969$b40$c20231005$lBLL01$h1131
=CAT  \\$a10969$b40$c20231005$lBLL01$h1316
=FIN  \\$aY$d20231005
=LAS  \\$a10969$b40$c20231005$lBLL01$h1316

