=LDR  00692cas a22002535i 4500
=001  020995556
=003  Uk
=005  20230320151934.0
=006  m\\\\\|\\d\|\\\\\\
=007  cr\|||||||||||
=008  230320c\\\\9999\\\\\\p\o\\\\\0\\\a0eng\\
=FMT  \\$a  SE
=022  \\$a1430-9947
=037  \\$a???$bUbiquity Press
=245  00$aFKT
=264  \1$bUbiquity Press
=336  \\$atext$2rdacontent
=337  \\$acomputer$2rdamedia
=338  \\$aonline resource$2rdacarrier
=859  \\$aELD$bejournal
=852  41$aBritish Library$bHMNTS$jELD Digital store
=985  \\$aELD accessioning record awaiting upgrade
=CAT  \\$a15190$b40$c20230320$lBLL01$h1519
=LAS  \\$a15190$b40$c20230320$lBLL01$h1519

