=LDR  00729cas a22002535i 4500
=001  020999780
=003  Uk
=005  20230322111902.0
=006  m\\\\\|\\d\|\\\\\\
=007  cr\|||||||||||
=008  230322c\\\\9999\\\\\\p\o\\\\\0\\\a0eng\\
=FMT  \\$a  SE
=022  \\$a1947-6108
=037  \\$a???$bUbiquity Press
=245  00$aMethodist DeBakey Cardiovascular Journal
=264  \1$bUbiquity Press
=336  \\$atext$2rdacontent
=337  \\$acomputer$2rdamedia
=338  \\$aonline resource$2rdacarrier
=859  \\$aELD$bejournal
=852  41$aBritish Library$bHMNTS$jELD Digital store
=985  \\$aELD accessioning record awaiting upgrade
=CAT  \\$a15190$b40$c20230322$lBLL01$h1119
=LAS  \\$a15190$b40$c20230322$lBLL01$h1119

