=LDR  00700cas a22002535i 4500
=001  020999789
=003  Uk
=005  20230322115116.0
=006  m\\\\\|\\d\|\\\\\\
=007  cr\|||||||||||
=008  230322c\\\\9999\\\\\\p\o\\\\\0\\\a0eng\\
=FMT  \\$a  SE
=022  \\$a2304-070X
=037  \\$a???$bUbiquity Press
=245  00$aOpen Praxis
=264  \1$bUbiquity Press
=336  \\$atext$2rdacontent
=337  \\$acomputer$2rdamedia
=338  \\$aonline resource$2rdacarrier
=859  \\$aELD$bejournal
=852  41$aBritish Library$bHMNTS$jELD Digital store
=985  \\$aELD accessioning record awaiting upgrade
=CAT  \\$a15190$b40$c20230322$lBLL01$h1151
=LAS  \\$a15190$b40$c20230322$lBLL01$h1151

