=LDR  00783cas a22002655i 4500
=001  021004711
=003  Uk
=005  20230328082450.0
=006  m\\\\\|\\d\|\\\\\\
=007  cr\|||||||||||
=008  230328c\\\\9999\\\\\\p\o\\\\\0\\\a0eng\\
=FMT  \\$a  SE
=022  \\$a2635-0254
=037  \\$a???$bSage (UK) Ltd
=245  00$aVideo Journal of Sports Medicine
=264  \1$bSage
=336  \\$atext$2rdacontent
=337  \\$acomputer$2rdamedia
=338  \\$aonline resource$2rdacarrier
=859  \\$aELD$bejournal
=852  41$aBritish Library$bHMNTS$jELD Digital store$3Volume 2:Issue 5(2022)-Volume 3:Issue 1(2023)
=985  \\$aELD accessioning record awaiting upgrade
=CAT  \\$a10983$b40$c20230328$lBLL01$h0824
=MNI  \\$a2635-0254
=LAS  \\$a10983$b40$c20230328$lBLL01$h0824

