=LDR  01698cas a2200409 i 4500
=001  021004931
=003  Uk
=005  20230328150323.0
=006  m\\\\\|\\d\|\\\\\\
=007  cr\|||||||||||
=008  230328c20239999wlkuu\\\o\s\\o0\\\a0eng\\
=FMT  \\$a  SE
=040  \\$aUk$beng$cUk$erda
=042  \\$aukblsr
=082  04$a614.59241440942$223
=245  00$aCoronavirus (COVID-19) positivity by Integrated Care Board, England ...
=264  \1$a[Newport] :$bOffice for National Statistics,$c2023-
=336  \\$atext$2rdacontent
=337  \\$acomputer$2rdamedia
=338  \\$aonline resource$2rdacarrier
=362  0\$a23 January 2023-
=500  \\$aAt head of title "Article".
=500  \\$a"Percentage of people testing postive for Coronavirus (COVID-19) by Integrated Care Board (ICB) in private residential households in England".
=500  \\$aTitle from PDF cover (ONS website, viewed March 28, 2023).
=650  \7$aCOVID-19 (Disease)$xEpidemiology.$2fast$0(OCoLC)fst01984647
=650  \7$aCOVID-19 (Disease)$xTesting.$2fast$0(OCoLC)fst02021874
=651  \7$aEngland.$2fast$0(OCoLC)fst01219920
=655  \7$aStatistics.$2fast$0(OCoLC)fst01423727
=655  \7$aPeriodicals.$2fast$0(OCoLC)fst01411641
=710  1\$aGreat Britain.$bOffice for National Statistics,$eissuing body.
=859  \\$aELD$bejournal
=852  41$aBritish Library$bHMNTS$jELD Digital store$3(2023:Jan. 23)-
=985  \\$aI think this might be ongoing, but difficult to tell - possibly quarterly?
=CAT  \\$a3072$b40$c20230328$lBLL01$h1503
=FIN  \\$aY$d20230328
=LET  \0$aCoronavirus (COVID-19) positivity by Integrated Care Board, England (Electronic)
=LAS  \\$a3072$b40$c20230328$lBLL01$h1503

