=LDR  01543cas a2200397 i 4500
=001  021009374
=003  Uk
=005  20230330152302.0
=006  m\\\\\|\\d\|\\\\\\
=007  cr\|||||||||||
=008  230330c20uu9999enkar\\\o\\\\\0\\\a0eng\\
=FMT  \\$a  SE
=040  \\$aUk$beng$cUk$erda
=042  \\$aukblsr
=082  04$a333.79$223
=245  00$aStakeholder engagement (and consumer vulnerability) incentives panel report.
=264  \1$a[London] :$bOfgem,$c2019-
=310  \\$aAnnual
=336  \\$atext$2rdacontent
=337  \\$acomputer$2rdamedia
=338  \\$aonline resource$2rdacarrier
=500  \\$aAt head of title: Report.
=588  \\$aDescription based on: 2018/19 issue; title from PDF caption.
=588  \\$aLatest issue consulted: 2021/22.
=650  \7$aElectric utilities$xEvaluation.$2fast$0(OCoLC)fst00906019
=650  \7$aElectric power distribution$xEconomic aspects.$2fast$0(OCoLC)fst00905433
=650  \7$aIncentives in conservation of natural resources.$2fast$0(OCoLC)fst00968513
=650  \7$aConsumers.$2fast$0(OCoLC)fst00876410
=650  \7$aVulnerability (Personality trait)$2fast$0(OCoLC)fst01895824
=710  1\$aGreat Britain.$bOffice of Gas and Electricity Markets,$eissuing body.
=859  \\$aELD$bejournal
=852  41$aBritish Library$bHMNTS$jELD Digital store$3(2018/2019)-
=CAT  \\$a3072$b40$c20230330$lBLL01$h1523
=FIN  \\$aY$d20230330
=LET  \0$aStakeholder engagement and consumer vulnerability incentives panel report (Electronic)
=LAS  \\$a3072$b40$c20230330$lBLL01$h1523

