=LDR  01696cas a2200469 i 4500
=001  021018517
=003  Uk
=005  20230405144201.0
=006  m\\\\\|\\d\|\\\\\\
=007  cr\|||||||||||
=008  230405c199u9999enkar\t\o\\\\\0\\\a0eng\\
=FMT  \\$a  SE
=015  \\$aGBC372652$2bnb
=040  \\$aUk$beng$cUk$erda
=042  \\$aukblsr
=082  04$a712.02941$223
=245  00$aLandscape update :$bproduct information for professionals in the landscape industry.
=246  1\$iSubtitle changed:$aLandscape update :$bthe essential buyers guide and product directory
=260  \\$aChertsey :$bLandscape Update
=264  31$aBury :$bYourGuide Ltd
=300  \\$billustrations (colour)
=310  \\$aAnnual
=321  \\$aSemiannual
=321  \\$aThree times a year
=336  \\$atext$2rdacontent
=337  \\$acomputer$2rdamedia
=338  \\$aonline resource$2rdacarrier
=588  \\$aDescription based on: Print version record.
=588  \\$aLatest issue consulted: 2022 (publisher's website, viewed April 5, 2023).
=650  \7$aLandscaping industry.$2fast$0(OCoLC)fst00992067
=655  \7$aDirectories.$2fast$0(OCoLC)fst01423796
=655  \7$aPeriodicals.$2fast$0(OCoLC)fst01411641
=776  08$iAlso issued in print as:$tLandscape update
=859  \\$aELD$bejournal
=852  41$aBritish Library$bHMNTS$jELD Digital store$3(2022)-
=985  \\$aWFH record (CS) 2023
=CAT  \\$a8124$b40$c20230405$lBLL01$h0815
=CAT  \\$a8124$b40$c20230405$lBLL01$h1442
=FIN  \\$aY$d20230405
=LET  \0$aLandscape update (Electronic)
=LKR  \\$aPAR$b011480464$lBLL01$r776$mLandscape update (Online)$nLandscape update (Print)
=LAS  \\$a8124$b40$c20230405$lBLL01$h1442

