=LDR  01628cas a2200433 i 4500
=001  021018677
=003  Uk
=005  20230405141500.0
=006  m\\\\\|\\d\|\\\\\\
=007  cr\|||||||||||
=008  230405c20uu9999enkar\\\o\\\\\0\\\a0eng\\
=FMT  \\$a  SE
=040  \\$aUk$beng$cUk$erda
=042  \\$aukblsr
=082  04$a267.1834205$223
=110  2\$aChurch Army (Church of England),$eauthor.
=245  10$aImpact report /$cChurch Army.
=264  \1$aSheffield :$bChurch Army
=300  \\$billustrations (colour)
=310  \\$aAnnual
=336  \\$atext$2rdacontent
=337  \\$acomputer$2rdamedia
=338  \\$aonline resource$2rdacarrier
=588  \\$aDescription based on: print version record.
=588  \\$aLatest issue consulted: 2021 (publisher's website, viewed May 4, 2023).
=610  27$aChurch Army (Church of England)$2fast$0(OCoLC)fst01735782
=650  \7$aEvangelistic work.$2fast$0(OCoLC)fst00917035
=651  \7$aGreat Britain.$2fast$0(OCoLC)fst01204623
=651  \7$aIreland.$2fast$0(OCoLC)fst01205427
=655  \7$aPeriodicals.$2fast$0(OCoLC)fst01411641
=776  08$iAlso issued in print as:$aChurch Army (Church of England).$tImpact report
=859  \\$aELD$bejournal
=852  41$aBritish Library$bHMNTS$jELD Digital store$3(2021)-
=985  \\$aWFH record (CS) 2023
=CAT  \\$a8124$b40$c20230405$lBLL01$h1415
=FIN  \\$aY$d20230405
=LET  \0$aImpact report - Church Army (Church of England) (Electronic)
=LKR  \\$aPAR$b020049558$lBLL01$r776$mChurch Army / Church of England (Online)$nChurch Army / Church of England (Print)
=LAS  \\$a8124$b40$c20230405$lBLL01$h1415

