=LDR  00818cas a22002655i 4500
=001  021024367
=003  Uk
=005  20230421111520.0
=006  m\\\\\|\\d\|\\\\\\
=007  cr\|||||||||||
=008  230417c\\\\9999\\\\\\p\o\\\\\0\\\a0eng\\
=FMT  \\$a  SE
=022  \\$a2831-3461
=037  \\$aISSN_28313461_74$bPortico$nLippincott Williams & Wilkins
=245  00$aExercise, Sport and Movement
=264  \1$bLippincott Williams & Wilkins
=336  \\$atext$2rdacontent
=337  \\$acomputer$2rdamedia
=338  \\$aonline resource$2rdacarrier
=859  \\$aELD$bejournal
=852  41$aBritish Library$bHMNTS$jELD Digital store
=985  \\$aELD accessioning record awaiting upgrade
=CAT  \\$a11450$b40$c20230417$lBLL01$h0855
=CAT  \\$a14586$b40$c20230421$lBLL01$h1115
=LAS  \\$a14586$b40$c20230421$lBLL01$h1115

