=LDR  00898cas a22002775i 4500
=001  021024388
=003  Uk
=005  20230505122606.0
=006  m\\\\\|\\d\|\\\\\\
=007  cr\|||||||||||
=008  230417c\\\\9999\\\\\\p\o\\\\\0\\\a0eng\\
=FMT  \\$a  SE
=022  \\$a1971-145X
=037  \\$aISSN_03919005_74$bPortico$nLippincott Williams & Wilkins
=245  00$aIl Giornale di Chirurgia - Journal of the Italian Association of Hospital Surgeons
=264  \1$bLippincott Williams & Wilkins
=336  \\$atext$2rdacontent
=337  \\$acomputer$2rdamedia
=338  \\$aonline resource$2rdacarrier
=859  \\$aELD$bejournal
=852  41$aBritish Library$bHMNTS$jELD Digital store
=985  \\$aELD accessioning record awaiting upgrade
=CAT  \\$a11450$b40$c20230417$lBLL01$h0940
=CAT  \\$a14586$b40$c20230505$lBLL01$h1226
=MNI  \\$a0391-9005
=LAS  \\$a14586$b40$c20230505$lBLL01$h1226

