=LDR  00691cas a22002535i 4500
=001  021027832
=003  Uk
=005  20230419160914.0
=006  m\\\\\|\\d\|\\\\\\
=007  cr\|||||||||||
=008  230419c\\\\9999\\\\\\p\o\\\\\0\\\a0eng\\
=FMT  \\$a  SE
=022  \\$a2731-8753
=037  \\$a???$bSpringer
=245  00$anpj Complexity
=264  \1$bSpringer
=336  \\$atext$2rdacontent
=337  \\$acomputer$2rdamedia
=338  \\$aonline resource$2rdacarrier
=859  \\$aELD$bejournal
=852  41$aBritish Library$bHMNTS$jELD Digital store
=985  \\$aELD accessioning record awaiting upgrade
=CAT  \\$a15190$b40$c20230419$lBLL01$h1609
=LAS  \\$a15190$b40$c20230419$lBLL01$h1609

