=LDR  01016cas a22003258i 4500
=001  021028318
=003  Uk
=005  20230831140600.0
=006  m\\\\\\\\d\|\\\\\\
=007  cr||||||||||||
=008  230420c20249999enk\x\p\o\\\\\0\\\a0eng\\
=FMT  \\$a  SE
=022  0\$a2976-8357$202
=037  \\$a???$bSage (UK) Ltd
=040  \\$aUk$beng$cUk$erda
=222  \0$aSubstance use
=245  00$aSubstance use.
=246  3\$aSubstance use research and treatment
=263  \\$a202401
=264  \1$aLondon :$bSAGE Publishing
=336  \\$atext$2rdacontent
=337  \\$acomputer$2rdamedia
=338  \\$aonline resource$2rdacarrier
=859  \\$aELD$bejournal
=852  41$aBritish Library$bHMNTS$jELD Digital store
=985  \\$aISSN UK Centre: change of title from 'Substance abuse' ISSN 1178-2218. Please add 78X/LKR as required.
=CAT  \\$a10973$b40$c20230420$lBLL01$h1356
=CAT  \\$a10973$b40$c20230420$lBLL01$h1358
=CAT  \\$a15731$b40$c20230831$lBLL01$h1406
=LAS  \\$a15731$b40$c20230831$lBLL01$h1406

