=LDR  01795cas a2200481 i 4500
=001  021030759
=003  Uk
=005  20230505215749.0
=006  m\\\\\|\\d\|\\\\\\
=007  cr\|||||||||||
=008  230424c20239999enkgr\\\o\\\\\0\\\a0eng\\
=FMT  \\$a  SE
=015  \\$aGBC377617$2bnb
=040  \\$aUk$beng$cUk$erda
=042  \\$aukblsr
=082  04$a338.17373$223
=245  00$aCoffee report and outlook :$b(CRO).
=246  3\$aCRO
=264  \1$a[London] :$bInternational Coffee Organization
=300  \\$billustrations (colour)
=310  \\$aBiennial
=336  \\$atext$2rdacontent
=337  \\$acomputer$2rdamedia
=338  \\$aonline resource$2rdacarrier
=362  0\$aApril 2023-
=500  \\$aTitle from PDF cover.
=515  \\$aEach issue covers 2 years (e.g. April 2023 issue covers 2021/22 & 2022/23).
=650  \7$aCoffee industry.$2fast$0(OCoLC)fst00866361
=650  \7$aCoffee$xPrices.$2fast$0(OCoLC)fst00866327
=650  \7$aCoffee industry$xForecasting.$2fast$0(OCoLC)fst00866373
=655  \7$aPeriodicals.$2fast$0(OCoLC)fst01411641
=655  \7$aStatistics.$2fast$0(OCoLC)fst01423727
=650  \7$aMarket surveys.$2fast$0(OCoLC)fst01010149
=690  7\$aManagement and Business Studies$2blcoll
=859  \\$aELD$bejournal
=852  41$aBritish Library$bHMNTS$jELD Digital store$3(2023:Apr.)-
=985  \\$aI don't think this is related to 020714305 (no evidence) & that one is monthly, and this one is I think biennial - issue covers 2021/22 & 2022/23 - though it says "biannual".
=CAT  \\$a3072$b40$c20230424$lBLL01$h1505
=CAT  \\$a3072$b40$c20230424$lBLL01$h1508
=CAT  \\$aBATCH-MBS$c20230505$lBLL01$h2157
=FIN  \\$aY$d20230424
=LET  \0$aCoffee report and outlook (Electronic)
=LAS  \\$aBATCH-MBS$b00$c20230505$lBLL01$h2157

