=LDR  00738nas a22002655i 4500
=001  021030909
=003  Uk
=005  20230425120148.0
=006  m\\\\\|\\d\|\\\\\\
=007  cr\|||||||||||
=008  230425c\\\\9999\\\\\\p\o\\\\\0\\\a0eng\\
=FMT  \\$a  SE
=022  \\$a2689-713X
=037  \\$aISSN_05840554_2$bPortico$nWiley
=245  00$aSoil survey horizons
=264  \1$bWiley
=336  \\$atext$2rdacontent
=337  \\$acomputer$2rdamedia
=338  \\$aonline resource$2rdacarrier
=859  \\$aELD$bejournal
=852  41$aBritish Library$bHMNTS$jELD Digital store
=985  \\$aELD accessioning record awaiting upgrade
=CAT  \\$a15190$b40$c20230425$lBLL01$h1201
=MNI  \\$a0584-0554
=LAS  \\$a15190$b40$c20230425$lBLL01$h1201

