=LDR  01040cas a22003258i 4500
=001  021034590
=003  Uk
=005  20230503104047.0
=006  m\\\\\\\\d\|\\\\\\
=007  cr||||||||||||
=008  230426c20239999enk\x\p\o\\\\\0\\\a0eng\\
=FMT  \\$a  SE
=022  0\$a2731-9202$202
=037  \\$a???$bSpringer
=040  \\$aUk$beng$cUk$erda
=222  \0$anpj sustainable agriculture
=245  00$anpj sustainable agriculture.
=246  3\$aNature partner journals sustainable agriculture
=263  \\$a202305
=264  \1$aLondon :$bNature Portfolio
=336  \\$atext$2rdacontent
=337  \\$acomputer$2rdamedia
=338  \\$aonline resource$2rdacarrier
=859  \\$aELD$bejournal
=852  41$aBritish Library$bHMNTS$jELD Digital store
=985  \\$aISSN UK Centre: ISSN assigned by IC (Springer workflow). Please notify Donna on completion.
=CAT  \\$a10973$b40$c20230426$lBLL01$h1031
=CAT  \\$a10973$b40$c20230426$lBLL01$h1057
=CAT  \\$a15190$b40$c20230503$lBLL01$h1040
=LAS  \\$a15190$b40$c20230503$lBLL01$h1040

