=LDR  00800cas a22002535i 4500
=001  021044511
=003  Uk
=005  20230503144558.0
=006  m\\\\\|\\d\|\\\\\\
=007  cr\|||||||||||
=008  230503c\\\\9999\\\\\\p\o\\\\\0\\\a0eng\\
=FMT  \\$a  SE
=022  \\$a2832-918X
=037  \\$aISSN_2832918X_74$bPortico$nLippincott Williams & Wilkins
=245  00$aInterdisciplinary nursing research
=264  \1$bLippincott Williams & Wilkins
=336  \\$atext$2rdacontent
=337  \\$acomputer$2rdamedia
=338  \\$aonline resource$2rdacarrier
=859  \\$aELD$bejournal
=852  41$aBritish Library$bHMNTS$jELD Digital store$3Volume 1:Issue 1(2022)-
=985  \\$aELD accessioning record awaiting upgrade
=CAT  \\$a15190$b40$c20230503$lBLL01$h1445
=LAS  \\$a15190$b40$c20230503$lBLL01$h1445

