=LDR  01011cas a22003135i 4500
=001  021044851
=003  Uk
=005  20230616154941.0
=006  m\\\\\|\\d\|\\\\\\
=007  cr\|||||||||||
=008  230504c\\\\9999\\\\\\p\o\\\\\0\\\a0eng\\
=FMT  \\$a  SE
=022  \\$a0278-0771
=037  \\$aEBI$bSage (UK) Ltd
=245  00$aJournal of Ethnobiology
=264  \1$bSage (UK) Ltd
=336  \\$atext$2rdacontent
=337  \\$acomputer$2rdamedia
=338  \\$aonline resource$2rdacarrier
=540  \\$aCurrent Copyright Fee: GBP1.76$c0$5Uk
=859  \\$aELD$bejournal
=852  41$aBritish Library$bHMNTS$jELD Digital store$3Volume 33:Issues 1(2013)-
=945  \\$aJournal of ethnobiology.
=979  \\$aBritish Library$bDSC$j4979.602350
=985  \\$aELD accessioning record awaiting upgrade
=CAT  \\$a14586$b40$c20230504$lBLL01$h1442
=CAT  \\$a8055$b40$c20230616$lBLL01$h1549
=CFI  0\$aCurrent Copyright Fee: GBP1.76$c0$e16-jun-2022$fGBP1.76$g0$hC$5Uk
=LAS  \\$a8055$b40$c20230616$lBLL01$h1549

