=LDR  00801cas a22002655i 4500
=001  021045643
=003  Uk
=005  20230505113414.0
=006  m\\\\\|\\d\|\\\\\\
=007  cr\|||||||||||
=008  230505c\\\\9999\\\\\\p\o\\\\\0\\\a0eng\\
=FMT  \\$a  SE
=022  \\$a1464-5068
=037  \\$aISSN_01420453_33$bPortico$nHindawi
=245  00$aJournal of automatic chemistry
=264  \1$bHindawi
=336  \\$atext$2rdacontent
=337  \\$acomputer$2rdamedia
=338  \\$aonline resource$2rdacarrier
=859  \\$aELD$bejournal
=852  41$aBritish Library$bHMNTS$jELD Digital store$3Volume 1:issue 5(1979)-Volume 20:Issue 6(1998)
=985  \\$aELD accessioning record awaiting upgrade
=CAT  \\$a15190$b40$c20230505$lBLL01$h1134
=MNI  \\$a0142-0453
=LAS  \\$a15190$b40$c20230505$lBLL01$h1134

