=LDR  00810cas a22002655i 4500
=001  021050036
=003  Uk
=005  20230511142336.0
=006  m\\\\\|\\d\|\\\\\\
=007  cr\|||||||||||
=008  230511c\\\\9999\\\\\\p\o\\\\\0\\\a0eng\\
=FMT  \\$a  SE
=022  \\$a1916-7237
=037  \\$aISSN_08357900_33$bPortico$nHindawi
=245  00$aCanadian Journal of Gastroenterology
=264  \1$bHindawi
=336  \\$atext$2rdacontent
=337  \\$acomputer$2rdamedia
=338  \\$aonline resource$2rdacarrier
=859  \\$aELD$bejournal
=852  41$aBritish Library$bHMNTS$jELD Digital store$3Volume 1:Number 1(1987)-Volume 27:Number 12(2013)
=985  \\$aELD accessioning record awaiting upgrade
=CAT  \\$a15190$b40$c20230511$lBLL01$h1423
=MNI  \\$a0835-7900
=LAS  \\$a15190$b40$c20230511$lBLL01$h1423

