=LDR  00812cas a22002655i 4500
=001  021050066
=003  Uk
=005  20230511150521.0
=006  m\\\\\|\\d\|\\\\\\
=007  cr\|||||||||||
=008  230511c\\\\9999\\\\\\p\o\\\\\0\\\a0eng\\
=FMT  \\$a  SE
=022  \\$a2816-4237
=037  \\$aISSN_11802332_33$bPortico$nHindawi
=245  00$aCanadian Journal of Infectious Diseases
=264  \1$bHindawi
=336  \\$atext$2rdacontent
=337  \\$acomputer$2rdamedia
=338  \\$aonline resource$2rdacarrier
=859  \\$aELD$bejournal
=852  41$aBritish Library$bHMNTS$jELD Digital store$3Volume 1:Number 1(1990)-Volume 15:Number 2(2004)
=985  \\$aELD accessioning record awaiting upgrade
=CAT  \\$a15190$b40$c20230511$lBLL01$h1505
=MNI  \\$a1180-2332
=LAS  \\$a15190$b40$c20230511$lBLL01$h1505

