=LDR  01830cas a2200421 i 4500
=001  021050983
=003  Uk
=005  20230512141240.0
=006  m\\\\\|\\d\|\\\\\\
=007  cr\|||||||||||
=008  230512c19uu9999enkar\\\o\\\\\0\\\a0eng\\
=FMT  \\$a  SE
=040  \\$aUk$beng$cUk$erda
=042  \\$aukblsr
=082  04$a616.025$223
=110  2\$aBritish Association for Immediate Care.
=245  10$aAnnual report & financial statements /$cBritish Association for Immediate Care.
=246  1\$i2022 entitled:$aUnaudited financial statements
=264  \1$aIpswich, Suffolk :$bBritish Association for Immediate Care
=310  \\$aAnnual
=336  \\$atext$2rdacontent
=337  \\$acomputer$2rdamedia
=338  \\$aonline resource$2rdacarrier
=588  \\$aDescription based on: period ended 30 April 2021; title from PDF cover (Charity Commission website, viewed May 12, 2023).
=588  \\$aLatest issue consulted: 30 April 2022, viewed May 12, 2023.
=610  27$aBritish Association for Immediate Care$2fast$0(OCoLC)fst02014384
=655  \7$aAnnual reports.$2fast$0(OCoLC)fst01919893
=650  \7$aFinancial statements.$2fast$0(OCoLC)fst00924782
=655  \7$aPeriodicals.$2fast$0(OCoLC)fst01411641
=787  0\$aBritish Association for Immediate Care.$tAnnual report
=859  \\$aELD$bejournal
=852  41$aBritish Library$bHMNTS$jELD Digital store$3(2021)-
=CAT  \\$a8483$b40$c20230512$lBLL01$h1409
=CAT  \\$a8483$b40$c20230512$lBLL01$h1412
=FIN  \\$aY$d20230512
=LET  \0$aAnnual report & financial statements - British Association for Immediate Care (Electronic)
=LKR  \\$aPAR$b011162550$lBLL01$r787$mAnnual report & financial statements / British Association for Immediate Care$nAnnual report / British Association for Immediate Care
=LAS  \\$a8483$b40$c20230512$lBLL01$h1412

