=LDR  00868cas a22002655i 4500
=001  021052655
=003  Uk
=005  20230515124909.0
=006  m\\\\\|\\d\|\\\\\\
=007  cr\|||||||||||
=008  230515c\\\\9999\\\\\\p\o\\\\\0\\\a0eng\\
=FMT  \\$a  SE
=022  \\$a1070-4604
=037  \\$aISSN_10704604_90$bPortico$nLiverpool University Press
=245  00$aNewsletter of the gypsy lore society
=264  \1$bLiverpool University Pres
=336  \\$atext$2rdacontent
=337  \\$acomputer$2rdamedia
=338  \\$aonline resource$2rdacarrier
=859  \\$aELD$bejournal
=852  41$aBritish Library$bHMNTS$jELD Digital store$3Volume 38:Issue 1(2015)-Volume 44:Issue 2(2021)
=985  \\$aELD accessioning record awaiting upgrade
=CAT  \\$a14412$b40$c20230515$lBLL01$h1243
=CAT  \\$a14412$b40$c20230515$lBLL01$h1249
=LAS  \\$a14412$b40$c20230515$lBLL01$h1249

