=LDR  00762cas a22002535i 4500
=001  021052882
=003  Uk
=005  20230516111654.0
=006  m\\\\\|\\d\|\\\\\\
=007  cr\|||||||||||
=008  230516c\\\\9999\\\\\\p\o\\\\\0\\\a0eng\\
=FMT  \\$a  SE
=022  \\$a2768-4520
=037  \\$aISSN_27684520_21$bPortico$nTaylor & Francis
=245  00$aResearch in statistics
=264  \1$bTaylor & Francis
=336  \\$atext$2rdacontent
=337  \\$acomputer$2rdamedia
=338  \\$aonline resource$2rdacarrier
=859  \\$aELD$bejournal
=852  41$aBritish Library$bHMNTS$jELD Digital store$3Volume 1:Issue 1(2023)-
=985  \\$aELD accessioning record awaiting upgrade
=CAT  \\$a14412$b40$c20230516$lBLL01$h1116
=LAS  \\$a14412$b40$c20230516$lBLL01$h1116

