=LDR  00792cas a22002535i 4500
=001  021056044
=003  Uk
=005  20230517163948.0
=006  m\\\\\|\\d\|\\\\\\
=007  cr\|||||||||||
=008  230517c\\\\9999\\\\\\p\o\\\\\0\\\a0eng\\
=FMT  \\$a  SE
=022  \\$a2770-6710
=037  \\$aISSN_27706710_21$bPortico$nTaylor & Francis
=245  00$aBrain-Apparatus Communication: A Journal of Bacomics
=264  \1$bTaylor & Francis
=336  \\$atext$2rdacontent
=337  \\$acomputer$2rdamedia
=338  \\$aonline resource$2rdacarrier
=859  \\$aELD$bejournal
=852  41$aBritish Library$bHMNTS$jELD Digital store$3Volume 1:Issue 1(2022)-
=985  \\$aELD accessioning record awaiting upgrade
=CAT  \\$a14586$b40$c20230517$lBLL01$h1639
=LAS  \\$a14586$b40$c20230517$lBLL01$h1639

