=LDR  00759cas a22002535i 4500
=001  021056046
=003  Uk
=005  20230517172233.0
=006  m\\\\\|\\d\|\\\\\\
=007  cr\|||||||||||
=008  230517c\\\\9999\\\\\\p\o\\\\\0\\\a0eng\\
=FMT  \\$a  SE
=022  \\$a2052-1871
=037  \\$aISSN_20521871_396$bPortico$nUCL Press
=245  00$aJournal of Law and Jurisprudence
=264  \1$bUCL Press
=336  \\$atext$2rdacontent
=337  \\$acomputer$2rdamedia
=338  \\$aonline resource$2rdacarrier
=859  \\$aELD$bejournal
=852  41$aBritish Library$bHMNTS$jELD Digital store$3Volume 1:Issue 1(2011)-
=985  \\$aELD accessioning record awaiting upgrade
=CAT  \\$a14586$b40$c20230517$lBLL01$h1722
=LAS  \\$a14586$b40$c20230517$lBLL01$h1722

