=LDR  00845cas a22003018i 4500
=001  021056626
=003  Uk
=005  20230829141241.0
=006  m\\\\\\\\d\|\\\\\\
=007  cr||||||||||||
=008  230518c20249999enk\x\p\o\\\\\0\\\a0eng\\
=FMT  \\$a  SE
=022  0\$a2976-8624$202
=037  \\$a???$bSage (UK) Ltd
=040  \\$aUk$beng$cUk$erda
=222  \0$aPlatforms & society
=245  00$aPlatforms & society.
=246  3\$aPlatforms and society
=263  \\$a202401
=264  \1$aLondon :$bSAGE Publishing
=336  \\$atext$2rdacontent
=337  \\$acomputer$2rdamedia
=338  \\$aonline resource$2rdacarrier
=859  \\$aELD$bejournal
=852  41$aBritish Library$bHMNTS$jELD Digital store
=CAT  \\$a10973$b40$c20230518$lBLL01$h1616
=CAT  \\$a14412$b40$c20230829$lBLL01$h1412
=LAS  \\$a14412$b40$c20230829$lBLL01$h1412

