=LDR  00926cas a22003138i 4500
=001  021056633
=003  Uk
=005  20230829143105.0
=006  m\\\\\\\\d\|\\\\\\
=007  cr||||||||||||
=008  230518c20249999enkqr\p\o\\\\\0\\\a0eng\\
=FMT  \\$a  SE
=022  0\$a2976-8632$202
=037  \\$a???$bSage (UK) Ltd
=040  \\$aUk$beng$cUk$erda
=222  \0$aTransactions in energy and sustainability
=245  00$aTransactions in energy and sustainability.
=263  \\$a202403
=264  \1$aLondon :$bSAGE Publishing
=310  \\$aQuarterly
=336  \\$atext$2rdacontent
=337  \\$acomputer$2rdamedia
=338  \\$aonline resource$2rdacarrier
=859  \\$aELD$bejournal
=852  41$aBritish Library$bHMNTS$jELD Digital store
=CAT  \\$a10973$b40$c20230518$lBLL01$h1624
=CAT  \\$a14412$b40$c20230829$lBLL01$h1430
=CAT  \\$a14412$b40$c20230829$lBLL01$h1431
=LAS  \\$a14412$b40$c20230829$lBLL01$h1431

