=LDR  00907cas a22003138i 4500
=001  021056836
=003  Uk
=005  20230829132514.0
=006  m\\\\\\\\d\|\\\\\\
=007  cr||||||||||||
=008  230519c20249999enktr\p\o\\\\\0\\\a0eng\\
=FMT  \\$a  SE
=022  0\$a2976-8659$202
=037  \\$a???$bSage (UK) Ltd
=040  \\$aUk$beng$cUk$erda
=222  \0$aDialogues on climate change
=245  00$aDialogues on climate change.
=263  \\$a202404
=264  \1$aLondon :$bSAGE Publishing
=310  \\$aThree times a year
=336  \\$atext$2rdacontent
=337  \\$acomputer$2rdamedia
=338  \\$aonline resource$2rdacarrier
=859  \\$aELD$bejournal
=852  41$aBritish Library$bHMNTS$jELD Digital store
=CAT  \\$a10973$b40$c20230519$lBLL01$h0950
=CAT  \\$a14412$b40$c20230829$lBLL01$h1238
=CAT  \\$a14412$b40$c20230829$lBLL01$h1325
=LAS  \\$a14412$b40$c20230829$lBLL01$h1325

