=LDR  00766cas a22002535i 4500
=001  021056953
=003  Uk
=005  20230519141702.0
=006  m\\\\\|\\d\|\\\\\\
=007  cr\|||||||||||
=008  230519c\\\\9999\\\\\\p\o\\\\\0\\\a0eng\\
=FMT  \\$a  SE
=022  \\$y0278-1891
=037  \\$aISSN_02781891_1241$bPortico$nOpen Library of Humanities
=245  00$aPynchon Notes
=264  \1$bOpen Library of Humanities
=336  \\$atext$2rdacontent
=337  \\$acomputer$2rdamedia
=338  \\$aonline resource$2rdacarrier
=859  \\$aELD$bejournal
=852  41$aBritish Library$bHMNTS$jELD Digital store$3Issue 1(1979)-
=985  \\$aELD accessioning record awaiting upgrade
=CAT  \\$a15190$b40$c20230519$lBLL01$h1417
=LAS  \\$a15190$b40$c20230519$lBLL01$h1417

