=LDR  00805cas a22002535i 4500
=001  021060189
=003  Uk
=005  20230523151138.0
=006  m\\\\\|\\d\|\\\\\\
=007  cr\|||||||||||
=008  230523c\\\\9999\\\\\\p\o\\\\\0\\\a0eng\\
=FMT  \\$a  SE
=022  \\$a2833-3659
=037  \\$a???$bPortico$nLippincott Williams & Wilkins
=245  00$aJournal of women's & pelvic health physical therapy
=264  \1$bLippincott Williams & Wilkins
=336  \\$atext$2rdacontent
=337  \\$acomputer$2rdamedia
=338  \\$aonline resource$2rdacarrier
=859  \\$aELD$bejournal
=852  41$aBritish Library$bHMNTS$jELD Digital store$3Volume 47:Issue 1(2023)-
=985  \\$aELD accessioning record awaiting upgrade
=CAT  \\$a15190$b40$c20230523$lBLL01$h1511
=LAS  \\$a15190$b40$c20230523$lBLL01$h1511

