=LDR  02080cas a2200493 i 4500
=001  021064469
=003  Uk
=005  20230609220203.0
=006  m\\\\\|\\d\|\\\\\\
=007  cr\|||||||||||
=008  230525c20219999wlkax\\\oss\\o0\\\a0eng\\
=FMT  \\$a  SE
=015  \\$aGBC399028$2bnb
=040  \\$aUk$beng$cUk$erda
=042  \\$aukblsr
=082  04$a381.0285$223
=245  00$aDigital economy survey :$buse of information and communication technology (ICT) and the value of website sales by UK businesses.
=264  \1$a[Newport] :$bOffice for National Statistics,$c2023-
=310  \\$aAnnual
=336  \\$atext$2rdacontent
=337  \\$acomputer$2rdamedia
=338  \\$aonline resource$2rdacarrier
=362  1\$a2021-
=490  1\$aStatistical bulletin
=500  \\$aTitle from PDF caption (ONS website, viewed May 25, 2023).
=515  \\$a2022 data not published.
=650  \7$aElectronic commerce.$2fast$0(OCoLC)fst00906906
=650  \7$aInformation technology$xEconomic aspects.$2fast$0(OCoLC)fst00973097
=650  \7$aInternet$xEconomic aspects.$2fast$0(OCoLC)fst00977187
=651  \7$aGreat Britain.$2fast$0(OCoLC)fst01204623
=655  \7$aPeriodicals.$2fast$0(OCoLC)fst01411641
=690  7\$aManagement and Business Studies$2blcoll
=710  1\$aGreat Britain.$bOffice for National Statistics,$eissuing body.
=830  \0$aStatistical bulletin (Great Britain. Office for National Statistics)
=859  \\$aELD$bejournal
=852  41$aBritish Library$bHMNTS$jELD Digital store$3(2021)-
=985  \\$aNext issue will be results for 2023 data due to be published in q4 2024. "To enable ... this development work to take place, the survey due to be dispatched in 2023 has been paused".
=CAT  \\$a3072$b40$c20230525$lBLL01$h1554
=CAT  \\$a3072$b40$c20230525$lBLL01$h1604
=CAT  \\$a3072$b40$c20230525$lBLL01$h1711
=CAT  \\$aBATCH-MBS$c20230609$lBLL01$h2202
=FIN  \\$aY$d20230525
=LKR  \\$aPAR$b015877018$lBLL01$nE-commerce and ICT activity$mDigital economy survey$r78000
=LAS  \\$aBATCH-MBS$b00$c20230609$lBLL01$h2202

