=LDR  01899cas a2200469 i 4500
=001  021115154
=003  Uk
=005  20230621134057.0
=006  m\\\\\|\\d\|\\\\\\
=007  cr\|||||||||||
=008  230621d20uu2019enkar\\\o\\\\\0\\\a0eng\\
=FMT  \\$a  SE
=040  \\$aUk$beng$cUk$erda
=042  \\$aukblsr
=082  04$a378.42527$223
=110  2\$aUniversity of Nottingham,$eauthor.
=245  10$aGlobal review and financial statements /$cThe University of Nottingham.
=246  1\$iTitle for 2019 issue:$aFinancial statements
=264  \1$aNottingham :$bUniversity of Nottingham,$c-2019.
=300  \\$billustrations (colour)
=310  \\$aAnnual
=336  \\$atext$2rdacontent
=337  \\$acomputer$2rdamedia
=338  \\$aonline resource$2rdacarrier
=362  0\$a-financial year ending 31 July 2019.
=500  \\$aAt head of title: "United Kingdom, China, Malaysia".
=588  \\$aDescription based on: 2016 issue ; title from PDF cover (publisher's website, viewed July 21, 2023).
=588  \\$aLatest issue consulted: financial year ending 31 July 2019 (viewed July 21, 2023).
=610  27$aUniversity of Nottingham$2fast$0(OCoLC)fst00542387
=651  \7$aEngland$zNottingham.$2fast$0(OCoLC)fst01208980
=651  \7$aMalaysia$zSelangor.$2fast$0(OCoLC)fst01207145
=651  \7$aChina$zNingbo Shi.$2fast$0(OCoLC)fst01229297
=655  \7$aAnnual reports.$2fast$0(OCoLC)fst01919893
=655  \7$aPeriodicals.$2fast$0(OCoLC)fst01411641
=785  00$aUniversity of Nottingham.$tStrategic review and financial statements
=859  \\$aELD$bejournal
=852  41$aBritish Library$bHMNTS$jELD Digital store$3(2016)-(2019)
=985  \\$aWFH record (CS) 2023
=CAT  \\$a8124$b40$c20230621$lBLL01$h1340
=FIN  \\$aY$d20230621
=LET  \0$aGlobal review and financial statements - The University of Nottingham (Electronic)
=LAS  \\$a8124$b40$c20230621$lBLL01$h1340

