=LDR  01918cas a2200481 i 4500
=001  021115156
=003  Uk
=005  20230621134124.0
=006  m\\\\\|\\d\|\\\\\\
=007  cr\|||||||||||
=008  230621c20209999enkar\\\o\\\\\0\\\a0eng\\
=FMT  \\$a  SE
=040  \\$aUk$beng$cUk$erda
=042  \\$aukblsr
=082  04$a378.42527$223
=110  2\$aUniversity of Nottingham,$eauthor.
=245  10$aStrategic review and financial statements /$cUniversity of Nottingham.
=264  \1$aNottingham :$bUniversity of Nottingham,$c-2019.
=300  \\$billustrations (colour)
=310  \\$aAnnual
=336  \\$atext$2rdacontent
=337  \\$acomputer$2rdamedia
=338  \\$aonline resource$2rdacarrier
=362  0\$a2020-
=500  \\$aFinanical year runs 1 August to 31 July.
=500  \\$aTitle from PDF cover (publisher's website, viewed July 21, 2023).
=500  \\$aAt head of title: "United Kingdom, China, Malaysia".
=588  \\$aLatest issue consulted: 2022 (viewed July 21, 2023).
=610  27$aUniversity of Nottingham$2fast$0(OCoLC)fst00542387
=651  \7$aEngland$zNottingham.$2fast$0(OCoLC)fst01208980
=651  \7$aMalaysia$zSelangor.$2fast$0(OCoLC)fst01207145
=651  \7$aChina$zNingbo Shi.$2fast$0(OCoLC)fst01229297
=655  \7$aAnnual reports.$2fast$0(OCoLC)fst01919893
=655  \7$aPeriodicals.$2fast$0(OCoLC)fst01411641
=780  00$aUniversity of Nottingham.$tGlobal review and financial statements
=859  \\$aELD$bejournal
=852  41$aBritish Library$bHMNTS$jELD Digital store$3(2020)-
=985  \\$aWFH record (CS) 2023
=CAT  \\$a8124$b40$c20230621$lBLL01$h1341
=FIN  \\$aY$d20230621
=LET  \0$aStrategic review and financial statements - University of Nottingham. (Electronic)
=LKR  \\$aPAR$b021115154$lBLL01$r78000$mStrategic review and financial statements$nGlobal review and financial statements
=LAS  \\$a8124$b40$c20230621$lBLL01$h1341

