=LDR  00859cas a22002895i 4500
=001  021142845
=003  Uk
=005  20230717121548.0
=006  m\\\\\|\\d\|\\\\\\
=007  cr\|||||||||||
=008  230717c\\\\9999\\\\\\p\o\\\\\0\\\a0eng\\
=FMT  \\$a  SE
=022  \\$a2573-606X
=037  \\$a???$bKluwer Law international
=245  00$aDispute Resolution Journal
=264  \1$bKluwer Law international
=336  \\$atext$2rdacontent
=337  \\$acomputer$2rdamedia
=338  \\$aonline resource$2rdacarrier
=859  \\$aELD$bejournal
=852  41$aBritish Library$bHMNTS$jELD Digital store
=985  \\$aELD accessioning record awaiting upgrade
=CAT  \\$a10983$b40$c20230717$lBLL01$h1145
=CAT  \\$a10983$b40$c20230717$lBLL01$h1146
=CAT  \\$a10983$b40$c20230717$lBLL01$h1215
=MNI  \\$a1074-8105
=LAS  \\$a10983$b40$c20230717$lBLL01$h1215

