=LDR  00775cas a22002655i 4500
=001  021142851
=003  Uk
=005  20230717121608.0
=006  m\\\\\|\\d\|\\\\\\
=007  cr\|||||||||||
=008  230717c\\\\9999\\\\\\p\o\\\\\0\\\a0eng\\
=FMT  \\$a  SE
=022  \\$a2593-0877
=037  \\$a???$bKluwer Law international
=245  00$ab-Arbitra$bBelgian Review of Arbitration
=264  \1$bKluwer Law international
=336  \\$atext$2rdacontent
=337  \\$acomputer$2rdamedia
=338  \\$aonline resource$2rdacarrier
=859  \\$aELD$bejournal
=852  41$aBritish Library$bHMNTS$jELD Digital store
=985  \\$aELD accessioning record awaiting upgrade
=CAT  \\$a10983$b40$c20230717$lBLL01$h1216
=MNI  \\$a2295-6107
=LAS  \\$a10983$b40$c20230717$lBLL01$h1216

