=LDR  01937cas a2200469 i 4500
=001  021142854
=003  Uk
=005  20230717124509.0
=006  m\\\\\|\\d\|\\\\\\
=007  cr\|||||||||||
=008  230717c20229999enkuu\\\o\\\\\0\\\a0eng\\
=FMT  \\$a  SE
=040  \\$aUk$beng$cUk$erda
=042  \\$aukblsr
=082  04$a387.2028$223
=245  00$aSupply chain and sustainability magazine :$bthe maritime magazine for IMPA & IMPA Save.
=264  \1$aColchester, Essex :$bAlexony Maritime,$c2022-
=300  \\$billustrations (colour)
=336  \\$atext$2rdacontent
=337  \\$acomputer$2rdamedia
=338  \\$aonline resource$2rdacarrier
=362  0\$aIssue 1 (2022)-
=500  \\$aTitle from PDF cover.
=588  \\$aLatest issue consulted: issue 3 (2023).
=610  27$aIMPA SAVE (Organisation)$2fast$0(OCoLC)fst02014622
=650  \7$aShip chandlers.$2fast$0(OCoLC)fst01116156
=650  \7$aShips.$2fast$0(OCoLC)fst01116439
=650  \7$aEquipment and supplies.$2fast$0(OCoLC)fst01352983
=650  \7$aShipping$xEnvironmental aspects.$2fast$0(OCoLC)fst01116379
=650  \7$aSustainable transportation.$2fast$0(OCoLC)fst02024706
=655  \7$aPeriodicals.$2fast$0(OCoLC)fst01411641
=776  08$iAlso issued in print as:$tSupply chain and sustainability magazine
=710  2\$aInternational Marine Purchasing Association,$eissuing body.
=710  2\$aIMPA SAVE (Organisation),$eissuing body.
=780  00$tMarine trader (International Marine Purchasing Association)$x1027-0914
=859  \\$aELD$bejournal
=852  41$aBritish Library$bHMNTS$jELD Digital store$3Issue 1(2022)-
=CAT  \\$a3072$b40$c20230717$lBLL01$h1245
=FIN  \\$aY$d20230717
=LET  \0$aSupply chain and sustainability magazine (Electronic)
=LKR  \\$aPAR$b020847667$lBLL01$nSupply chain and sustainability magazine (Print)$mSupply chain and sustainability magazine (Online)$r776
=LAS  \\$a3072$b40$c20230717$lBLL01$h1245

