=LDR  00776cas a22002655i 4500
=001  021142856
=003  Uk
=005  20230717132807.0
=006  m\\\\\|\\d\|\\\\\\
=007  cr\|||||||||||
=008  230717c\\\\9999\\\\\\p\o\\\\\0\\\a0eng\\
=FMT  \\$a  SE
=022  \\$y???
=037  \\$aPortico$bKluwer Law International
=245  00$aJournal of European Consumer and Market Law
=264  \1$bKluwer Law International
=336  \\$atext$2rdacontent
=337  \\$acomputer$2rdamedia
=338  \\$aonline resource$2rdacarrier
=859  \\$aELD$bejournal
=852  41$aBritish Library$bHMNTS$jELD Digital store
=985  \\$aELD accessioning record awaiting upgrade
=CAT  \\$a10983$b40$c20230717$lBLL01$h1328
=MNI  \\$a2364-4710
=LAS  \\$a10983$b40$c20230717$lBLL01$h1328

