=LDR  00757cas a22002655i 4500
=001  021142860
=003  Uk
=005  20230717134920.0
=006  m\\\\\|\\d\|\\\\\\
=007  cr\|||||||||||
=008  230717c\\\\9999\\\\\\p\o\\\\\0\\\a0eng\\
=FMT  \\$a  SE
=022  \\$y0556-7440
=037  \\$a???$bKluwer law International
=245  00$aRevue de l'arbitrage
=264  \1$bKluwer law International
=336  \\$atext$2rdacontent
=337  \\$acomputer$2rdamedia
=338  \\$aonline resource$2rdacarrier
=859  \\$aELD$bejournal
=852  41$aBritish Library$bHMNTS$jELD Digital store
=985  \\$aELD accessioning record awaiting upgrade
=CAT  \\$a10983$b40$c20230717$lBLL01$h1349
=MNI  \\$a0556-7440
=LAS  \\$a10983$b40$c20230717$lBLL01$h1349

