=LDR  00771cas a22002655i 4500
=001  021142862
=003  Uk
=005  20230717140340.0
=006  m\\\\\|\\d\|\\\\\\
=007  cr\|||||||||||
=008  230717c\\\\9999\\\\\\p\o\\\\\0\\\a0eng\\
=FMT  \\$a  SE
=022  \\$a2212-182X
=037  \\$a???$bKluwer Law International
=245  00$aJournal of International Arbitration
=264  \1$bKluwer Law International
=336  \\$atext$2rdacontent
=337  \\$acomputer$2rdamedia
=338  \\$aonline resource$2rdacarrier
=859  \\$aELD$bejournal
=852  41$aBritish Library$bHMNTS$jELD Digital store
=985  \\$aELD accessioning record awaiting upgrade
=CAT  \\$a10983$b40$c20230717$lBLL01$h1403
=MNI  \\$a0255-8106
=LAS  \\$a10983$b40$c20230717$lBLL01$h1403

