=LDR  01755cas a2200445 i 4500
=001  021153009
=003  Uk
=005  20230801082303.0
=006  m\\\\\|\\d\|\\\\\\
=007  cr\|||||||||||
=008  230727c20199999enkar\\\o\\\\\0\\\a0eng\\
=FMT  \\$a  SE
=040  \\$aUk$beng$cUk$erda
=042  \\$aukblsr
=082  04$a385.0941$223
=110  2\$aCommunity Rail Network,$eauthor.
=245  10$aAnnual report /$cCommunity Rail Network.
=264  \1$aHuddersfield :$bCommunity Rail Network
=300  \\$billustrations (colour)
=310  \\$aAnnual
=336  \\$atext$2rdacontent
=337  \\$acomputer$2rdamedia
=338  \\$aonline resource$2rdacarrier
=362  0\$a2019/20-
=500  \\$aTitle from PDF cover.
=588  \\$aLatest issue consulted: 2021/22 (publisher's website, viewed July 27, 2023).
=610  27$aCommunity Rail Network$2fast$0(OCLC)fst02014695
=655  \7$aAnnual reports$2fast$0(OCoLC)fst01919893
=780  00$aAssociation of Community-Rail Partnerships$sAnnual report (2013)
=859  \\$aELD$bejournal
=852  41$aBritish Library$bHMNTS$jELD Digital store$3(2019/2020)-
=985  \\$achange of body name; on cover of 2019/20 issue "Community Rail Network (formerly the Association of Community Rail Partnerships - ACoRP)".
=CAT  \\$a3072$b40$c20230727$lBLL01$h1605
=CAT  \\$a3072$b40$c20230727$lBLL01$h1709
=CAT  \\$a7332$b40$c20230728$lBLL01$h0926
=CAT  \\$a7332$b40$c20230801$lBLL01$h0823
=FIN  \\$aY$d20230727
=LET  \0$aAnnual report - Community Rail Network (Electronic)
=LKR  \\$aPAR$b017431899$lBLL01$nAnnual report - Association of Community-Rail Partnerships (Print)$mAnnual report - Community Rail Network (Online)$r776
=LAS  \\$a7332$b40$c20230801$lBLL01$h0823

