=LDR  00732cas a22002415i 4500
=001  021172808
=003  Uk
=005  20230810120116.0
=006  m\\\\\|\\d\|\\\\\\
=007  cr\|||||||||||
=008  230810c\\\\9999\\\\\\p\o\\\\\0\\\a0eng\\
=FMT  \\$a  SE
=037  \\$aISSN_28324897_21$bPortico$nTaylor & Francis
=245  00$aCogent Gerontology
=264  \1$bTaylor & Francis
=336  \\$atext$2rdacontent
=337  \\$acomputer$2rdamedia
=338  \\$aonline resource$2rdacarrier
=859  \\$aELD$bejournal
=852  41$aBritish Library$bHMNTS$jELD Digital store$3Volume 1:Issue 1(2022)-
=985  \\$aELD accessioning record awaiting upgrade
=CAT  \\$a15190$b40$c20230810$lBLL01$h1201
=LAS  \\$a15190$b40$c20230810$lBLL01$h1201

