=LDR  00856cas a22002775i 4500
=001  021172904
=003  Uk
=005  20230810151712.0
=006  m\\\\\|\\d\|\\\\\\
=007  cr\|||||||||||
=008  230810c\\\\9999\\\\\\p\o\\\\\0\\\a0eng\\
=FMT  \\$a  SE
=022  \\$a1881-1299
=037  \\$aISSN_18811299_21$bPortico$nTaylor & Francis
=245  00$aJournal of chemical engineering of Japan
=264  \1$bTaylor & Francis
=336  \\$atext$2rdacontent
=337  \\$acomputer$2rdamedia
=338  \\$aonline resource$2rdacarrier
=859  \\$aELD$bejournal
=852  41$aBritish Library$bHMNTS$jELD Digital store$3Volume 56:Issue 1(2023)-
=985  \\$aELD accessioning record awaiting upgrade
=CAT  \\$a15190$b40$c20230810$lBLL01$h1516
=CAT  \\$a15190$b40$c20230810$lBLL01$h1517
=MNI  \\$a0021-9592
=LAS  \\$a15190$b40$c20230810$lBLL01$h1517

