=LDR  00755cas a22002535i 4500
=001  021173217
=003  Uk
=005  20230811144150.0
=006  m\\\\\|\\d\|\\\\\\
=007  cr\|||||||||||
=008  230811c\\\\9999\\\\\\p\o\\\\\0\\\a0eng\\
=FMT  \\$a  SE
=022  \\$a2833-8073
=037  \\$aISSN_28338073_21$bPortico$nTaylor & Francis
=245  00$aJournal of CME
=264  \1$bTaylor & Francis
=336  \\$atext$2rdacontent
=337  \\$acomputer$2rdamedia
=338  \\$aonline resource$2rdacarrier
=859  \\$aELD$bejournal
=852  41$aBritish Library$bHMNTS$jELD Digital store$3Volume 12:Issue 1(2023)-
=985  \\$aELD accessioning record awaiting upgrade
=CAT  \\$a15190$b40$c20230811$lBLL01$h1441
=LAS  \\$a15190$b40$c20230811$lBLL01$h1441

