=LDR  00822cas a22002655i 4500
=001  021181846
=003  Uk
=005  20230821155118.0
=006  m\\\\\|\\d\|\\\\\\
=007  cr\|||||||||||
=008  230821c\\\\9999\\\\\\p\o\\\\\0\\\a0eng\\
=FMT  \\$a  SE
=022  \\$a2376-9041
=037  \\$aISSN_0013875X_4$bPortico$nOxford University Press
=245  00$aBulletin of the ESA
=264  \1$bOxford University Press
=336  \\$atext$2rdacontent
=337  \\$acomputer$2rdamedia
=338  \\$aonline resource$2rdacarrier
=859  \\$aELD$bejournal
=852  41$aBritish Library$bHMNTS$jELD Digital store$3Volume 33:Issue 3(1987)-Volume 34:Issue 4(1988)
=985  \\$aELD accessioning record awaiting upgrade
=CAT  \\$a15190$b40$c20230821$lBLL01$h1551
=MNI  \\$a0013-8754
=LAS  \\$a15190$b40$c20230821$lBLL01$h1551

