=LDR  00767cas a22002535i 4500
=001  021189768
=003  Uk
=005  20230829134319.0
=006  m\\\\\|\\d\|\\\\\\
=007  cr\|||||||||||
=008  230829c\\\\9999\\\\\\p\o\\\\\0\\\a0eng\\
=FMT  \\$a  SE
=037  \\$a???$bSage (UK) Ltd
=245  00$aInternational journal of clinical metabolism and diabetes
=264  \1$bSage (UK) Ltd
=336  \\$atext$2rdacontent
=337  \\$acomputer$2rdamedia
=338  \\$aonline resource$2rdacarrier
=859  \\$aELD$bejournal
=852  41$aBritish Library$bHMNTS$jELD Digital store
=985  \\$aELD accessioning record awaiting upgrade
=CAT  \\$a14412$b40$c20230829$lBLL01$h1342
=CAT  \\$a14412$b40$c20230829$lBLL01$h1343
=LAS  \\$a14412$b40$c20230829$lBLL01$h1343

