=LDR  02269cas a2200517 i 4500
=001  021189816
=003  Uk
=005  20230908215129.0
=006  m\\\\\|\\d\|\\\\\\
=007  cr\|||||||||||
=008  230829c20219999wlkar\\\o\\\\o0\\\a0eng\\
=FMT  \\$a  SE
=015  \\$aGBC3G2705$2bnb
=040  \\$aUk$beng$cUk$erda
=042  \\$aukblsr
=082  04$a339.341$223
=245  00$aProposed changes to be implemented in Blue Book and Pink Book.
=264  \1$a[Newport] :$bOffice for National Statistics,$c2021-
=310  \\$aAnnual
=336  \\$atext$2rdacontent
=337  \\$acomputer$2rdamedia
=338  \\$aonline resource$2rdacarrier
=362  0\$a2021-
=500  \\$aAt head of title: Article.
=500  \\$a"Planned scope and content of the UK National Accounts, the Blue Book and UK Balance of Payments, Pink Book ... editions".
=500  \\$aTitle from PDF contents page (ONS website, viewed August 29, 2023).
=588  \\$aLatest issue consulted: 2023 (ONS Web site, viewed August 29, 2023).
=650  \7$aNational income$xAccounting.$2fast$0(OCoLC)fst01033578
=650  \7$aNational income.$2fast$0(OCoLC)fst01033577
=650  \7$aGross national product.$2fast$0(OCoLC)fst00948095
=650  \7$aBalance of payments.$xAccounting.$2fast$0(OCoLC)fst00825673
=650  \7$aBalance of payments.$2fast$0(OCoLC)fst00825672
=651  \7$aGreat Britain.$2fast$0(OCoLC)fst01204623
=655  \7$aPeriodicals.$2fast$0(OCoLC)fst01411641
=690  7\$aManagement and Business Studies$2blcoll
=710  1\$aGreat Britain.$bOffice for National Statistics,$eissuing body.
=780  00$tLatest developments and changes to be implemented in Blue Book and Pink Book
=859  \\$aELD$bejournal
=852  41$aBritish Library$bHMNTS$jELD Digital store$3(2021)-
=CAT  \\$a3072$b40$c20230829$lBLL01$h1541
=CAT  \\$a3072$b40$c20230829$lBLL01$h1545
=CAT  \\$aBATCH-MBS$c20230908$lBLL01$h2151
=FIN  \\$aY$d20230829
=LET  \0$aProposed changes to be implemented in Blue Book and Pink Book (Electronic)
=LKR  \\$aPAR$b019413832$lBLL01$nLatest developments and changes to be implemented in Blue Book and Pink Book$mProposed changes to be implemented in Blue Book and Pink Book$r78000
=LAS  \\$aBATCH-MBS$b00$c20230908$lBLL01$h2151

