=LDR  00725nas a22002535i 4500
=001  021193615
=003  Uk
=005  20230831083330.0
=006  m\\\\\|\\d\|\\\\\\
=007  cr\|||||||||||
=008  230831c\\\\9999\\\\\\p\o\\\\\0\\\a0eng\\
=FMT  \\$a  SE
=022  \\$a0195-6574
=037  \\$a???$bSage (UK) Ltd
=245  00$aThe energy journal
=264  \1$bSage (UK) Ltd
=336  \\$atext$2rdacontent
=337  \\$acomputer$2rdamedia
=338  \\$aonline resource$2rdacarrier
=859  \\$aELD$bejournal
=852  41$aBritish Library$bHMNTS$jELD Digital store$3Vol. 45,no.1 (2024)-
=985  \\$aELD accessioning record awaiting upgrade
=CAT  \\$a9667$b40$c20230831$lBLL01$h0833
=LAS  \\$a9667$b40$c20230831$lBLL01$h0833

