=LDR  01918cas a2200469 i 4500
=001  021193723
=003  Uk
=005  20230831140335.0
=006  m\\\\\|\\d\|\\\\\\
=007  cr\|||||||||||
=008  230831c20009999enkgr\\\o\\\\\0\\\a0eng\\
=FMT  \\$a  SE
=040  \\$aUk$beng$cUk$erda
=042  \\$aukblsr
=082  04$a704.08740941$223
=245  00$aConquest art magazine.
=246  13$aCA magazine
=260  \\$aWest Ewell :$bConquest Art Centre,$c2000-
=264  31$aStoneleigh, Epsom :$bConquest Art CIO :
=300  \\$billustrations (colour)
=336  \\$atext$2rdacontent
=337  \\$acomputer$2rdamedia
=338  \\$aonline resource$2rdacarrier
=500  \\$a"Enriching the lives of people with disabilities" <2023>-.
=500  \\$aPublication suspended during Covid pandemic & updated with supplement entitled: Newsletter.
=500  \\$aDescription based on print version record.
=500  \\$aSet includes unnumbered supplements, designated by season and year.
=588  \\$aLatest issue consulted: no. 124 (spring 2023).
=610  27$aConquest Art (Organization)$2fast$0(OCoLC)fst02061655$vPeriodicals.
=650  \7$aArtists with disabilities.$2fast$0(OCoLC)fst00817656
=655  \7$aPeriodicals.$2fast$0(OCoLC)fst01411641
=710  2\$aConquest Art Centre (West Ewell, England)
=776  08$iAlso issued in print as:$tConquest art magazine
=780  00$tSpectrum (Epsom, England)
=859  \\$aELD$bejournal
=852  41$aBritish Library$bHMNTS$jELD Digital store
=985  \\$avariant?; CIO = charitable incorporated organisation: https://find-and-update.company-information.service.gov.uk/company/CE010274
=CAT  \\$a3072$b40$c20230831$lBLL01$h1402
=CAT  \\$a3072$b40$c20230831$lBLL01$h1403
=FIN  \\$aY$d20230831
=LKR  \\$aPAR$b011162381$lBLL01$nConquest art magazine (Print)$mConquest art magazine (Online)$r776
=LAS  \\$a3072$b40$c20230831$lBLL01$h1403

