=LDR  00706cas a22002415i 4500
=001  021193778
=003  Uk
=005  20230831160945.0
=006  m\\\\\|\\d\|\\\\\\
=007  cr\|||||||||||
=008  230831c\\\\9999\\\\\\p\o\\\\\0\\\a0eng\\
=FMT  \\$a  SE
=037  \\$a???$bSage (UK) Ltd
=245  \0$aJournal of Contemporary Business Studies (OA)
=264  \1$aSage (UK) Ltd
=336  \\$atext$2rdacontent
=337  \\$acomputer$2rdamedia
=338  \\$aonline resource$2rdacarrier
=859  \\$aELD$bejournal
=852  41$aBritish Library$bHMNTS$jELD Digital store
=985  \\$aELD accessioning record awaiting upgrade
=CAT  \\$a15731$b40$c20230831$lBLL01$h1609
=LAS  \\$a15731$b40$c20230831$lBLL01$h1609

