=LDR  00817nas a22002655i 4500
=001  021202756
=003  Uk
=005  20230907112245.0
=006  m\\\\\|\\d\|\\\\\\
=007  cr\|||||||||||
=008  230907c\\\\9999\\\\\\p\o\\\\\0\\\a0eng\\
=FMT  \\$a  SE
=037  \\$a???$bPortico$nSage (UK) Ltd
=245  00$aJournal of hospitality & tourism business cases.
=264  \1$bSage (UK) Ltd.
=336  \\$atext$2rdacontent
=337  \\$acomputer$2rdamedia
=338  \\$aonline resource$2rdacarrier
=859  \\$aELD$bejournal
=852  41$aBritish Library$bHMNTS$jELD Digital store
=985  \\$aELD accessioning record awaiting upgrade
=CAT  \\$a10902$b40$c20230907$lBLL01$h1119
=CAT  \\$a10902$b40$c20230907$lBLL01$h1122
=CAT  \\$a10902$b40$c20230907$lBLL01$h1122
=LAS  \\$a10902$b40$c20230907$lBLL01$h1122

