=LDR  00755nas a22002655i 4500
=001  021203126
=003  Uk
=005  20230908091846.0
=006  m\\\\\|\\d\|\\\\\\
=007  cr\|||||||||||
=008  230908c\\\\9999\\\\\\p\o\\\\\0\\\a0eng\\
=FMT  \\$a  SE
=022  \\$a0971-1023
=037  \\$a???$bPortico$nSage
=245  00$aNMIMS Management Review (OA)
=264  \1$bSage
=336  \\$atext$2rdacontent
=337  \\$acomputer$2rdamedia
=338  \\$aonline resource$2rdacarrier
=859  \\$aELD$bejournal
=852  41$aBritish Library$bHMNTS$jELD Digital store
=985  \\$aELD accessioning record awaiting upgrade
=CAT  \\$a15020$b40$c20230908$lBLL01$h0918
=CAT  \\$a15020$b40$c20230908$lBLL01$h0918
=LAS  \\$a15020$b40$c20230908$lBLL01$h0918

