=LDR  00858cas a22002775i 4500
=001  021208262
=003  Uk
=005  20230913142805.0
=006  m\\\\\|\\d\|\\\\\\
=007  cr\|||||||||||
=008  230913c\\\\9999\\\\\\p\o\\\\\0\\\a0eng\\
=FMT  \\$a  SE
=022  \\$a2832-4765
=037  \\$aISSN_28324765_21$bPortico$nTaylor & Francis
=245  00$aCogent Mental Health
=264  \1$bTaylor & Francis
=336  \\$atext$2rdacontent
=337  \\$acomputer$2rdamedia
=338  \\$aonline resource$2rdacarrier
=859  \\$aELD$bejournal
=852  41$aBritish Library$bHMNTS$jELD Digital store$3Volume 2:Issue 1(2023)-
=985  \\$aELD accessioning record awaiting upgrade
=CAT  \\$a15190$b40$c20230913$lBLL01$h1426
=CAT  \\$a15190$b40$c20230913$lBLL01$h1427
=CAT  \\$a15190$b40$c20230913$lBLL01$h1428
=LAS  \\$a15190$b40$c20230913$lBLL01$h1428

