=LDR  00836cas a22002655i 4500
=001  021215736
=003  Uk
=005  20230920091007.0
=006  m\\\\\|\\d\|\\\\\\
=007  cr\|||||||||||
=008  230920c\\\\9999\\\\\\p\o\\\\\0\\\a0eng\\
=FMT  \\$a  SE
=037  \\$a???$bKluwer Law International
=245  00$aThe Resolver: The Quarterly Magazine of The Chartered Institute of Arbitrators
=264  \1$bKluwer Law International
=336  \\$atext$2rdacontent
=337  \\$acomputer$2rdamedia
=338  \\$aonline resource$2rdacarrier
=859  \\$aELD$bejournal
=852  41$aBritish Library$bHMNTS$jELD Digital store
=985  \\$aELD accessioning record awaiting upgrade
=CAT  \\$a15020$b40$c20230920$lBLL01$h0909
=CAT  \\$a15020$b40$c20230920$lBLL01$h0910
=MNI  \\$a1755-5965
=LAS  \\$a15020$b40$c20230920$lBLL01$h0910

