=LDR  00819cas a22002535i 4500
=001  021215855
=003  Uk
=005  20230920135200.0
=006  m\\\\\|\\d\|\\\\\\
=007  cr\|||||||||||
=008  230920c\\\\9999\\\\\\p\o\\\\\0\\\a0eng\\
=FMT  \\$a  SE
=037  \\$a???$bKluwer Law International
=245  00$aArbitration: The International Journal of Arbitration, Mediation and Dispute Management
=264  \1$bKluwer Law International
=336  \\$atext$2rdacontent
=337  \\$acomputer$2rdamedia
=338  \\$aonline resource$2rdacarrier
=859  \\$aELD$bejournal
=852  41$aBritish Library$bHMNTS$jELD Digital store
=985  \\$aELD accessioning record awaiting upgrade
=CAT  \\$a15020$b40$c20230920$lBLL01$h1351
=CAT  \\$a15020$b40$c20230920$lBLL01$h1352
=LAS  \\$a15020$b40$c20230920$lBLL01$h1352

