=LDR  00767cas a22002655i 4500
=001  021222304
=003  Uk
=005  20230925120836.0
=006  m\\\\\|\\d\|\\\\\\
=007  cr\|||||||||||
=008  230925c\\\\9999\\\\\\p\o\\\\\0\\\a0eng\\
=FMT  \\$a  SE
=022  \\$a2405-7436
=037  \\$a???$bKluwer Law International
=245  00$aRevista Brasileira de Arbitragem
=264  \1$bKluwer Law International
=336  \\$atext$2rdacontent
=337  \\$acomputer$2rdamedia
=338  \\$aonline resource$2rdacarrier
=859  \\$aELD$bejournal
=852  41$aBritish Library$bHMNTS$jELD Digital store
=985  \\$aELD accessioning record awaiting upgrade
=CAT  \\$a15020$b40$c20230925$lBLL01$h1208
=MNI  \\$a1806-809X
=LAS  \\$a15020$b40$c20230925$lBLL01$h1208

