=LDR  00734cas a22002535i 4500
=001  021222312
=003  Uk
=005  20230925123241.0
=006  m\\\\\|\\d\|\\\\\\
=007  cr\|||||||||||
=008  230925c\\\\9999\\\\\\p\o\\\\\0\\\a0eng\\
=FMT  \\$a  SE
=022  \\$a2666-3570
=037  \\$a???$bKluwer Law International
=245  \0$aGlobal Privacy Law Review
=264  \1$bKluwer Law International
=336  \\$atext$2rdacontent
=337  \\$acomputer$2rdamedia
=338  \\$aonline resource$2rdacarrier
=859  \\$aELD$bejournal
=852  41$aBritish Library$bHMNTS$jELD Digital store
=985  \\$aELD accessioning record awaiting upgrade
=CAT  \\$a15020$b40$c20230925$lBLL01$h1232
=LAS  \\$a15020$b40$c20230925$lBLL01$h1232

