=LDR  00756cas a22002535i 4500
=001  021222380
=003  Uk
=005  20230925145830.0
=006  m\\\\\|\\d\|\\\\\\
=007  cr\|||||||||||
=008  230925c\\\\9999\\\\\\p\o\\\\\0\\\a0eng\\
=FMT  \\$a  SE
=022  \\$a2833-0501
=037  \\$aISSN_28330501_21$bPortico$nTaylor & Francis
=245  00$aAll Life Methods
=264  \1$bTaylor & Francis
=336  \\$atext$2rdacontent
=337  \\$acomputer$2rdamedia
=338  \\$aonline resource$2rdacarrier
=859  \\$aELD$bejournal
=852  41$aBritish Library$bHMNTS$jELD Digital store$3Volume 1:Issue 1(2023)-
=985  \\$aELD accessioning record awaiting upgrade
=CAT  \\$a15190$b40$c20230925$lBLL01$h1458
=LAS  \\$a15190$b40$c20230925$lBLL01$h1458

