=LDR  00771cas a22002535i 4500
=001  021226545
=003  Uk
=005  20230927122555.0
=006  m\\\\\|\\d\|\\\\\\
=007  cr\|||||||||||
=008  230927c\\\\9999\\\\\\p\o\\\\\0\\\a0eng\\
=FMT  \\$a  SE
=022  \\$a1098-5549
=037  \\$aISSN_10985549_21$bPortico$nTaylor & Francis
=245  00$aMolecular and cellular biology
=264  \1$bTaylor & Francis
=336  \\$atext$2rdacontent
=337  \\$acomputer$2rdamedia
=338  \\$aonline resource$2rdacarrier
=859  \\$aELD$bejournal
=852  41$aBritish Library$bHMNTS$jELD Digital store$3Volume 36:Issue 1(2016)-
=985  \\$aELD accessioning record awaiting upgrade
=CAT  \\$a15190$b40$c20230927$lBLL01$h1225
=LAS  \\$a15190$b40$c20230927$lBLL01$h1225

