=LDR  02387cas a2200541 i 4500
=001  021233631
=003  Uk
=005  20231004092743.0
=006  m\\\\\|\\d\|\\\\\\
=007  cr\|||||||||||
=008  231003c201u9999enkar\\\o\\\\o0\\\a0eng\\
=FMT  \\$a  SE
=015  \\$aGBC3I8917$2bnb
=040  \\$aUk$beng$cUk$erda
=042  \\$aukblsr
=082  04$a363.6109426$223
=110  1\$aGreat Britain.$bWater Services Regulation Authority,$eauthor.
=245  14$a... determination of Anglian Water's in-period outcome delivery incentives for ... /$cOfwat.
=246  1\$iWeblink title:$aIn-period ODI determinations for
=264  \1$aBirmingham :$bOfwat
=310  \\$aAnnual
=336  \\$atext$2rdacontent
=337  \\$acomputer$2rdamedia
=338  \\$aonline resource$2rdacarrier
=500  \\$aIssued each year in three stages: Draft determination ; Responses ; Final determination.
=500  \\$aAccompanied on website by data tables.
=588  \\$aDescription based on: Draft determination 2020/2021 issue ; title from PDF cover (ofwat.gov.uk, viewed October 3, 2023).
=588  \\$aLatest issue consulted: Draft determination 2022/2023 (viewed October 3, 2023).
=610  27$aAnglian Water$2fast$0(OCoLC)fst01613195
=650  \7$aWater utilities.$2fast$0(OCoLC)fst01172219
=650  \7$aWater-supply$xManagement$xEvaluation.$2fast$0(OCoLC)fst01172394
=650  \7$aWater quality management$xEvaluation.$2fast$0(OCoLC)fst01171914
=651  \7$aEastern England.$2fast$0(OCoLC)fst01692693
=655  \7$aPeriodicals.$2fast$0(OCoLC)fst01411641
=740  0\$aDraft determination of Anglian Water's in-period outcome delivery incentives for ...
=740  0\$aFinal determination of Anglian Water's in-period outcome delivery incentives for ...
=859  \\$aELD$bejournal
=852  41$aBritish Library$bHMNTS$jELD Digital store$3(2020/2021)-
=985  \\$aWFH record (CS) 2023
=CAT  \\$a8124$b40$c20231003$lBLL01$h1224
=CAT  \\$a8124$b40$c20231003$lBLL01$h1227
=CAT  \\$a8124$b40$c20231003$lBLL01$h1255
=CAT  \\$a8124$b40$c20231003$lBLL01$h1459
=CAT  \\$a8124$b40$c20231004$lBLL01$h0824
=CAT  \\$a8124$b40$c20231004$lBLL01$h0927
=FIN  \\$aY$d20231003
=LET  \0$aDetermination of Anglian Water's in-period outcome delivery incentives for ... - Ofwat [Draft and Final] (Electronic)
=LAS  \\$a8124$b40$c20231004$lBLL01$h0927

