=LDR  01686cas a2200457 i 4500
=001  021243702
=003  Uk
=005  20231009153654.0
=006  m\\\\\|\\d\|\\\\\\
=007  cr\|||||||||||
=008  231009c202u9999enkmr\g\o\\\\\0\\\a0eng\\
=FMT  \\$a  SE
=015  \\$aGBC3J2468$2bnb
=040  \\$aUk$beng$cUk$erda
=042  \\$aukblsr
=082  04$a658.4083$223
=130  0\$aSustainability (Norwich, England)
=245  10$aSustainability.
=246  13$aSustainability magazine
=264  \1$a[Norwich] :$bBizClik Media Group
=300  \\$billustrations (colour)
=310  \\$aMonthly
=336  \\$atext$2rdacontent
=337  \\$acomputer$2rdamedia
=338  \\$aonline resource$2rdacarrier
=588  \\$aDescription based on: July 2021 issue; title from PDF cover (publisher's Web site, viewed February **, 2019).
=588  \\$aLatest issue consulted: September 2023 (viewed October 9, 2023).
=650  \7$aSocial responsibility of business.$2fast$0(OCoLC)fst01122851
=650  \7$aSustainability.$2fast$0(OCoLC)fst01747391
=650  \7$aSustainable development.$2fast$0(OCoLC)fst01139731
=650  \7$aGreen technology.$2fast$0(OCoLC)fst00947645
=650  \7$aRenewable energy sources.$2fast$0(OCoLC)fst01094570
=655  \7$aPeriodicals.$2fast$0(OCoLC)fst01411641
=780  00$tChief sustainability officer
=859  \\$aELD$bejournal
=852  41$aBritish Library$bHMNTS$jELD Digital store$3(2021:Jul.)-
=CAT  \\$a3072$b40$c20231009$lBLL01$h1536
=FIN  \\$aY$d20231009
=LET  \0$aSustainability (Electronic)
=LKR  \\$aPAR$b019478896$lBLL01$r78000$mSustainability.$nChief sustainability officer.
=LAS  \\$a3072$b40$c20231009$lBLL01$h1536

