=LDR  00785nas a22002655i 4500
=001  021244065
=003  Uk
=005  20231010155313.0
=006  m\\\\\|\\d\|\\\\\\
=007  cr\|||||||||||
=008  231010c\\\\9999\\\\\\p\o\\\\\0\\\a0eng\\
=FMT  \\$a  SE
=022  \\$a2770-6877
=037  \\$aISSN_27706869_21$bPortico$nTaylor & Francis
=245  00$aLegal pluralism and critical social analysis
=264  \1$bTaylor & Francis
=336  \\$atext$2rdacontent
=337  \\$acomputer$2rdamedia
=338  \\$aonline resource$2rdacarrier
=859  \\$aELD$bejournal
=852  41$aBritish Library$bHMNTS$jELD Digital store
=985  \\$aELD accessioning record awaiting upgrade
=CAT  \\$a15190$b40$c20231010$lBLL01$h1553
=MNI  \\$a2770-6869
=LAS  \\$a15190$b40$c20231010$lBLL01$h1553

