=LDR  00750nas a22002535i 4500
=001  021253267
=003  Uk
=005  20231016095106.0
=006  m\\\\\|\\d\|\\\\\\
=007  cr\|||||||||||
=008  231016c\\\\9999\\\\\\p\o\\\\\0\\\a0eng\\
=FMT  \\$a  SE
=022  \\$a2835-2610
=037  \\$aISSN_28352610_21$bPortico$nTaylor & Francis
=245  00$aCancer Survivorship Research & Care
=264  \1$bTaylor & Francis
=336  \\$atext$2rdacontent
=337  \\$acomputer$2rdamedia
=338  \\$aonline resource$2rdacarrier
=859  \\$aELD$bejournal
=852  41$aBritish Library$bHMNTS$jELD Digital store
=985  \\$aELD accessioning record awaiting upgrade
=CAT  \\$a15190$b40$c20231016$lBLL01$h0951
=LAS  \\$a15190$b40$c20231016$lBLL01$h0951

