=LDR  00815nas a22002655i 4500
=001  021253270
=003  Uk
=005  20231016100957.0
=006  m\\\\\|\\d\|\\\\\\
=007  cr\|||||||||||
=008  231016c\\\\9999\\\\\\p\o\\\\\0\\\a0eng\\
=FMT  \\$a  SE
=022  \\$a2834-7056
=037  \\$aISSN_28347056_21$bPortico$nTaylor & Francis
=245  00$aJournal of Mitochondria, Plastids and Endosymbiosis
=264  \1$bTaylor & Francis
=336  \\$atext$2rdacontent
=337  \\$acomputer$2rdamedia
=338  \\$aonline resource$2rdacarrier
=859  \\$aELD$bejournal
=852  41$aBritish Library$bHMNTS$jELD Digital store
=985  \\$aELD accessioning record awaiting upgrade
=CAT  \\$a15190$b40$c20231016$lBLL01$h1009
=CAT  \\$a15190$b40$c20231016$lBLL01$h1009
=LAS  \\$a15190$b40$c20231016$lBLL01$h1009

